2292 2928
279 126 788 186 AGADEMIAE
849 126 1303 184 GEORGIAE
1358 124 1823 184 AUGUSTAE

815 239 1282 287 PRoRECToR

173 343 407 436 &0432
437 342 563 436 &a
586 341 938 435 effi&
963 337 1364 448 ἓέἒῧ
1421 419 1423 421 .

1054 450 1197 474 ‘iuda-‘3³¹⁴‘

663 483 701 529 ο
735 484 778 528 iJ
818 483 871 528 Μ
894 477 1062 528 SE
1106 482 1150 526 N
1190 480 1237 526 Α
1279 482 1325 531 Τ,
1365 482 1423 526 U.
1477 502 1484 505 -

1432 346 1458 392 'fi

1459 345 1471 354 ,

1436 364 1445 383 ‘⁷
1540 366 1547 376 Ι

1431 390 1601 409 sayra·

169 681 282 764 Diu
310 726 391 771 est,
427 719 750 770 Commilitones,
786 735 910 775 quum
938 721 1167 761 criticorum
1195 721 1334 760 oribus
1362 719 1415 758 ad
1440 718 1601 758 codices
1628 719 1930 773 manuscriptos

169 772 406 811 translatum
441 772 664 812 celebratur
689 773 921 814 Plinianum
954 773 1081 813 illud:
1124 773 1339 828 ponderari
1375 777 1561 826 oportere
1588 771 1806 826 suffragia,
1845 786 1930 812 non

169 826 372 863 numerari
391 825 448 878 1),
488 840 589 889 quae
623 833 755 865 tamen
789 827 988 865 sententia
1015 833 1059 864 ut
1085 841 1157 881 per
1185 841 1227 865 se
1254 825 1465 865 verissima
1493 831 1576 874 est,
1615 825 1671 863 ita
1698 825 1783 863 nisi
1816 832 1928 864 recto

170 890 349 929 sanoque
379 877 537 929 judicio
576 878 754 917 adhibita
789 879 908 917 etiam
940 878 1070 930 majus
1099 878 1381 918 detrimentum
1417 876 1621 916 veteribus
1658 877 1927 930 scriptoribus

170 934 209 966 et
235 935 368 980 potest
396 930 536 969 afferre
564 936 603 969 ct
631 944 749 984 saepe
771 930 858 982 jam
885 931 1031 970 attulit.
1086 931 1189 970 Nam
1211 931 1281 983 qui
1308 935 1523 969 numerant
1545 928 1724 978 codices,
1753 943 1926 982 quorum

168 980 411 1019 testimoniis
447 982 507 1020 uti
543 982 719 1033 volunt,
747 982 791 1020 in
819 982 969 1035 majore
1005 996 1171 1021 numero
1207 982 1411 1036 sequendo
1447 982 1524 1020 hoc
1560 987 1668 1019 certe
1699 981 1924 1031 lucrantur,

170 1037 215 1069 ut
249 1046 369 1084 quam
405 1034 635 1086 praeferant
672 1034 886 1084 lectionem
923 1050 1006 1074 non
1047 1034 1316 1075 'recentissimi
1356 1033 1554 1086 cujusque
1593 1032 1753 1072 librarii
1789 1048 1925 1072 errore

169 1088 296 1122 ortam
325 1084 396 1124 sed
424 1100 473 1125 ex
500 1085 665 1140 antiquo
693 1086 806 1126 fonte
834 1093 1034 1141 acceptam
1060 1087 1355 1140 multorumque
1383 1084 1587 1126 communi
1614 1084 1814 1138 religione
1843 1099 1925 1125 ser·

168 1141 298 1173 vatam
333 1150 422 1176 esse
458 1138 611 1189 sciant,
654 1138 724 1193 qui
760 1145 892 1177 autem
926 1140 1012 1178 solo
1044 1139 1221 1193 pondere
1255 1145 1400 1192 agunt,
1440 1137 1560 1189 facile
1589 1151 1637 1176 eo
1665 1137 1923 1188 delabuntur,

168 1193 213 1226 ut
248 1188 456 1243 scriptoris
490 1190 698 1245 ingenium
733 1205 807 1231 suo
841 1192 1003 1232 modulo
1030 1192 1244 1231 metiantur
1271 1197 1537 1244 externaeque
1564 1189 1660 1229 fidei
1686 1198 1829 1244 parum
1858 1204 1926 1230 eu-

167 1240 284 1290 riosi,
304 1242 412 1294 quod
430 1243 510 1281 sibi
530 1244 701 1283 maxime
749 1245 930 1294 lacuerit,
958 1245 1073 1283 illum
1092 1259 1252 1307 quoque
1271 1243 1486 1296 scripsisse
1506 1250 1713 1281 censeant.
1752 1242 1926 1288 Scilicet

167 1292 244 1332 hoc
272 1308 354 1334 uno
375 1302 610 1348 argumento
636 1259 815 1350 pondera
840 1295 1059 1337 lectionum
1086 1295 1331 1346 existimant,
1361 1294 1396 1335 si
1417 1304 1496 1348 qua
1522 1293 1645 1334 lectio
1672 1293 1711 1334 ei
1739 1294 1846 1345 loco,
1875 1293 1925 1335 de

168 1358 248 1399 quo
282 1346 454 1387 maxime
489 1353 649 1401 agatur,
689 1350 847 1402 praeter
878 1355 1029 1388 ceteras
1066 1355 1157 1402 apta
1189 1348 1396 1399 videatur,
1435 1346 1546 1401 quod
1573 1359 1694 1401 quam
1721 1346 1925 1387 lubricum

166 1411 367 1451 quamque
394 1400 624 1452 ambiguum
651 1401 695 1440 in
721 1407 830 1439 tauta
851 1401 1100 1453 judiciorum
1119 1403 1385 1439 humanorum
1406 1399 1638 1439 diversitate
1661 1412 1752 1438 esse
1774 1399 1924 1452 possit,

167 1457 207 1489 et
234 1457 378 1502 sponte
403 1458 513 1505 patet
540 1458 579 1491 et
605 1452 839 1492 foedissima
873 1453 943 1492 illa
977 1453 1166 1492 varietate
1201 1452 1502 1505 comprobatur,
1541 1466 1621 1504 qua
1656 1450 1926 1503 plurimorum

167 1502 408 1556 scriptorum
444 1503 641 1544 editiones
678 1504 728 1544 ad
761 1504 869 1545 hunc
904 1519 1032 1559 usque
1069 1504 1175 1544 diem
1209 1504 1315 1543 inter
1342 1518 1385 1543 se
1413 1502 1670 1565 discrepant,
1713 1502 1924 1542 codicibus

165 1568 260 1593 vero
296 1555 535 1616 colligendis
571 1557 929 1610 comparandisque
966 1555 1161 1610 quicquid
1197 1571 1340 1617 operae
1377 1555 1648 1608 impenditur,
1696 1555 1806 1607 apud
1839 1556 1924 1608 ple-

163 1619 312 1668 rosque
340 1606 514 1648 editores
543 1622 590 1647 eo
617 1614 772 1648 tantum
808 1614 983 1662 spectat,
1025 1616 1070 1648 ut
1106 1614 1386 1662 experiantur,
1427 1620 1593 1661 ecquam
1632 1607 1736 1647 forte
1772 1606 1925 1647 alicubi

163 1660 378 1708 lectionem
405 1659 637 1711 inveniant,
675 1676 777 1716 quae
803 1661 1004 1715 vulgatam
1032 1676 1221 1715 superare
1248 1660 1450 1711 videatur,
1487 1659 1638 1698 adeove
1665 1658 1777 1714 quod
1803 1659 1924 1713 pe'us

162 1718 239 1760 est,
276 1717 321 1748 ut
349 1712 385 1750 si
412 1727 532 1765 quam
558 1713 640 1766 ipsi
668 1714 898 1752 varietatem
926 1714 1285 1767 deprehenderint,
1321 1713 1416 1751 huic
1441 1711 1585 1765 quovis
1614 1712 1734 1750 modo
1761 1726 1845 1764 pon
1875 1721 1924 1750 us

161 1762 310 1803 addant
344 1777 430 1802 cam
461 1779 511 1803 uc
537 1779 611 1818 pro
639 1765 816 1819 genuina
850 1765 1060 1818 scriptoris
1096 1780 1217 1805 manu
1253 1764 1464 1804 ambitiose
1499 1762 1723 1804 venditent.
1785 1763 1925 1818 Atque

160 1817 259 1855 haec
287 1815 405 1867 ratio,
471 1831 539 1856 aec
567 1817 681 1871 origo
710 1824 772 1857 est
799 1817 1079 1870 eclecticismi,
1115 1833 1234 1872 quem
1255 1817 1342 1869 jam
1370 1816 1556 1870 proximo
1586 1815 1788 1869 superiori
1816 1830 1924 1857 anno

161 1870 238 1908 hoc
262 1868 426 1907 nominc
445 1869 786 1922 impugnavimus,
814 1876 860 1908 ut
880 1870 985 1909 nihil
1011 1870 1281 1923 perniciosius
1310 1870 1361 1908 ad
1383 1876 1562 1908 veterum
1583 1868 1782 1907 librorum
1802 1869 1926 1908 verba

162 1920 444 1959 constituenda
478 1921 610 1959 afferri
637 1922 894 1972 ‘diceremus5
933 1936 1064 1976 neque
1092 1937 1138 1961 ea
1165 1936 1208 1960 rc
1237 1921 1363 1960 multo
1391 1920 1534 1959 melior
1562 1920 1651 1972 ejus
1681 1933 1802 1958 causa
1835 1921 1925 1959 red·

164 1972 294 2022 ditur,
331 1973 441 2025 quod
469 1974 506 2012 si
533 1974 604 2026 qui
632 1988 674 2013 se
702 1973 967 2026 elegantiores
994 1974 1124 2013 videri
1150 1974 1315 2023 volunt,
1353 1979 1549 2012 vetustate
1576 1972 1711 2025 aliqua
1739 1971 1925 2026 insignes

162 2024 358 2065 lectiones
397 2039 496 2079 quas
534 2025 790 2078 potissimum
828 2032 1047 2079 sequantur
1083 2026 1261 2079 eligunt,
1311 2024 1428 2079 quasi
1467 2031 1535 2064 aut
1572 2023 1776 2075 maculae,
1820 2039 1924 2079 quae

165 2077 289 2116 semel
316 2077 406 2116 loco
434 2078 555 2117 alicui
583 2079 858 2128 inhaeserunt,
887 2079 1080 2131 te‘mporis
1103 2078 1365 2117 diuturnitate
1393 2077 1594 2125 eluantur,
1624 2082 1692 2114 aut
1718 2076 1791 2115 illa
1813 2091 1925 2116 men-

164 2128 307 2177 dorum
363 2144 504 2182 encra,
546 2145 647 2185 quae
675 2130 836 2170 criticos
864 2130 1035 2170 maxime
1064 2137 1273 2180 exercent,
1315 2129 1443 2169 solius
1471 2128 1595 2168 medii
1622 2127 1711 2167 aevi
1738 2128 1926 2169 inscitiae

164 2196 239 2221 nec
273 2196 340 2220 mu
359 2189 399 2221 to
427 2184 555 2236 magis
591 2183 720 2236 ipsius
755 2183 839 2221 anti
869 2183 1005 2221 uitatis
1034 2183 1216 2232 ,librariis
1244 2183 1309 2221 vel
1336 2182 1628 2221 diorthotarum
1655 2182 1924 2233 quorundam,

166 2241 210 2273 ut
238 2234 318 2274 sibi
345 2234 599 2286 videbantur,
637 2235 763 2275 malae
792 2249 835 2274 se
865 2234 996 2274 ulitati
1024 2235 1259 2285 debeantur,
1298 2249 1469 2289 quorum
1498 2247 1619 2287 opera
1647 2233 1713 2273 vel
1738 2232 1925 2273 vetustis-

166 2286 361 2326 simorum
388 2287 460 2341 qui
487 2287 538 2327 ad
564 2302 639 2327 nos
667 2293 937 2342 pervenerunt
963 2287 1148 2326 codicum
1176 2294 1359 2338 aetatem,
1388 2286 1425 2326 si
1452 2301 1475 2326 a
1502 2285 1643 2340 paucis
1672 2285 1925 2337 discesseris,

166 2340 320 2393 aliquot
355 2340 526 2379 saeculis
561 2340 764 2395 praecedit
782 2341 834 2392 ²).
903 2339 958 2378 Et
984 2340 1240 2379 librariorum
1268 2346 1417 2394 quauta
1445 2340 1515 2379 vel
1537 2338 1701 2391 optimis
1738 2338 1926 2391 tempori-

260 2462 291 2502 1)
322 2462 484 2501 Quamvis
514 2462 604 2494 euim
630 2460 734 2493 ‘verba
765 2472 831 2492 non
865 2465 1039 2498 constent,
1060 2461 1240 2503 ,sententia
1265 2461 1337 2492 sine
1361 2459 1466 2492 dubio
1498 2471 1536 2491 ex
1563 2460 1623 2491 illa
1652 2459 1752 2491 Plinii
1783 2458 1929 2500 epistola

111 2503 113 2505 ’
168 2507 216 2543 ll,
241 2506 280 2537 12
305 2507 410 2548 petita
435 2511 499 2544 est,
528 2506 587 2536 uhi
611 2506 776 2548 queritur,
805 2505 894 2546 quod
916 2506 950 2534 in
976 2505 1103 2535 Senatu
1128 2506 1310 2535 sententiae
1333 2510 1558 2538 numerentur.
1595 2514 1661 2534 non
1681 2501 1928 2546 ponder-eatur,-

167 2551 214 2582 cf.
233 2550 358 2583 Senee„
379 2552 420 2582 de
445 2550 560 2582 benef.
589 2550 647 2581 lv.
667 2549 706 2581 21
734 2553 768 2580 ct
791 2549 900 2591 Epist.
918 2549 979 2580 29:
1014 2554 1054 2580 ut
1075 2547 1225 2581 aestimes
1244 2548 1397 2592 iudicia,
1430 2560 1497 2580 non
1527 2558 1685 2579 nurneres.
1702 2565 1742 2571 —
1809 2546 1846 2585 2)
1871 2546 1926 2578 cf.

168 2595 333 2624 Fritzscli.
355 2596 399 2624 ad
421 2594 591 2635 Aristoph.
606 2593 808 2634 Thesmopli.
835 2604 868 2633 p.
887 2604 958 2621 xvi:
990 2605 1089 2634 saepe
1113 2594 1264 2635 equidem
1288 2595 1351 2622 risi
1376 2599 1409 2622 et
1426 2592 1567 2634 posthac
1589 2591 1702 2620 ridebo
1730 2590 1932 2632 philologos

168 2644 311 2675 nostros,
336 2640 398 2680 qui
419 2639 454 2670 in
477 2638 626 2677 codicum
650 2637 847 2668 lectionibus
871 2642 1000 2668 tantum
1029 2649 1096 2669 non
1120 2637 1245 2679 ubique
1272 2636 1313 2667 de
1340 2636 1492 2667 librariis
1516 2635 1666 2676 cogitant
1686 2634 1741 2665 vel
1762 2635 1932 2666 somniant

167 2683 295 2724 potius,
327 2681 387 2712 hos
408 2692 493 2713 unos
513 2683 627 2713 stricto
651 2680 730 2711 stilo
753 2680 969 2716 adoriuntur,
1000 2680 1054 2711 his
1074 2685 1258 2723 stuporem,
1288 2679 1463 2722 fraudem,
1495 2678 1673 2714 malitiam,
1696 2683 1730 2708 et
1753 2688 1840 2720 quae
1863 2687 1932 2708 non

1522 2739 1572 2775 1.
