2400 2971
1030 206 1389 278 *10⁶⁴-

323 357 509 396 homines
539 355 642 394 lictis
662 355 911 394 Graecorum
939 355 1172 394 nominibus
1202 370 1223 393 a
1253 355 1389 408 pellet,
1420 368 1538 407 quam
1567 353 1617 392 ob
1641 366 1800 391 eausam
1827 366 1878 391 ne
1903 350 2080 391 Codrum

324 409 488 464 quidem
515 422 588 461 pro
622 406 755 447 Cordo
785 406 869 446 Sat.
890 407 924 445 I.
946 407 974 445 2
1002 414 1041 447 et
1068 407 1141 446 111.
1162 407 1229 447 2⁰⁸
1273 407 1400 460 magis
1429 418 1548 460 quam
1576 405 1682 459 apud
1700 404 1922 444 Martialem
1949 404 2002 443 ΙΙ.
2028 404 2081 442 57

326 470 507 511 tuemur,
546 460 633 499 sive
659 475 797 508 verum
820 459 1059 512 Damasippi
1084 475 1230 498 nomen
1259 460 1351 509 fuit,
1380 459 1580 511 posterius
1609 458 1767 496 demum
1794 471 1833 495 v.
1848 458 1926 494 185
1948 457 2080 494 locum

326 513 458 562 habet,
489 512 560 550 ubi
582 511 787 557 diversum
810 510 860 548 ab
883 511 1180 550 illo·hominem
1208 511 1418 551 memorari
1447 509 1667 553 clarissime
1691 508 1866 549 ostendit
1887 509 2080 549 transitus
2117 526 2119 528 ·

326 566 375 605 ad
407 565 573 619 μήθ’-α’,
615 564 721 603 unde
750 570 915 616 apparet
943 563 1027 602 veri
1055 564 1293 618 Damasippi
1329 565 1448 616 longe
1482 558 1559 603 alia
1591 569 1752 620 peecata
1780 576 1824 600 ac
1851 561 1935 600 ficti
1963 576 2080 614 quem

326 618 470 657 volunt
503 618 580 655 hoe
616 623 677 655 est
703 616 895 654 Laterani
929 616 1073 655 fuisse.
1138 617 1186 655 In
1215 617 1350 656 eadem
1379 615 1510 656 satira
1543 632 1581 655 v.
1606 615 1684 654 198
1717 615 1781 654 vel
1808 620 1929 653 natus
1957 614 2081 654 eicha-

326 671 450 710 roedo
477 671 661 724 principe
688 668 840 708 nobilis
869 668 1124 708 defensorem
1151 676 1292 709 nactus
1321 676 1381 708 est
1404 669 1692 718 Schmidtium,
1727 668 1796 720 qui
1825 669 1991 705 mimum
2026 666 2080 704 ita

327 729 483 761 tantum
512 722 608 760 ferri
636 735 758 774 posse
786 727 922 774 putat,
953 722 989 760 si
1018 718 1138 760 satira
1168 722 1241 761 sub
1270 721 1431 761 Nerone
1456 721 1602 775 scripta
1629 720 1702 770 sit,
1719 719 1826 775 ¹quia
1853 727 1945 773 post
1973 720 2080 758 hune

328 775 583 817 citharoedus
621 774 812 827 princeps
850 789 969 813 nemo
1009 774 1155 825 fuerit,
1206 781 1244 813 at
1282 789 1418 813 nonne
1453 775 1555 812 hanc
1596 773 1724 835 ipsam
1762 773 1805 811 in
1845 772 2081 812 sententiam

326 827 535 868 Juvenalis
565 825 766 879 disputat,
803 832 846 864 ut
873 840 924 865 ne
951 827 1112 866 Nerone
1141 827 1303 890 quidem
1331 833 1497 880 cogente
1524 826 1652 866 nobili
1685 826 1847 865 mimum
1885 841 1906 865 a
1935 825 2081 865 endum

329 879 457 919 fuisse
486 886 655 929 asserat,
684 879 781 919 lieet
808 886 893 917 tum
921 885 1027 919 certe
1056 893 1088 918 a·
1105 880 1303 933 principis
1333 880 1515 932 exemplo
1540 879 1835 918 excusationem
1859 841 2080 926 habuisset,
2107 891 2111 894 ·

327 948 436 971 nune
465 932 531 971 vel
551 932 665 970 ¹ultro
693 931 736 969 in
766 931 920 992 pulpita
948 932 1140 984 prodire?
1182 947 1256 970 nce
1285 932 1422 970 v.225
1450 931 1675 970 dubitamus
1704 931 1801 984 quin
1830 937 1936 969 reete
1956 930 2082 969 Hein-

326 984 480 1022 riehius
510 991 679 1022 cantum
706 983 882 1022 Neroms
916 984 1160 1034 restituerit,
1209 983 1279 1037 qui
1337 983 1416 1022 uod
1437 983 1523 1034 jam
1552 983 1689 1022 v.220
1723 983 1957 1036 respicitur,
1996 989 2081 1021 tan-

327 1044 413 1075 tum
443 1036 558 1074 abest
586 1042 629 1073 ut
657 1050 748 1074 eum
775 1035 974 1088 Rupertio
1003 1051 1112 1075 nune
1139 999 1384 1087 rejiciendus
1414 1036 1608 1087 yideatur,
1637 1042 1681 1073 ut
1701 1036 1787 1088 jam
1815 1036 2083 1074 affirmativam

330 1088 644 1128 declarationem
672 1088 847 1139 flagitet,
889 1087 998 1140 quod
1026 1088 1110 1127 illie
1140 1089 1182 1126 in
1213 1087 1370 1126 Orestis
1400 1089 1693 1141 comparatione
1721 1088 1903 1141 negative
1930 1094 2083 1126 tantum

328 1141 601 1193 significatum
637 1146 735 1178 erat.
803 1139 995 1193 Sequitur
1024 1139 1110 1179 Sat.·
1134 1140 1219 1189 IX,
1259 1140 1330 1178 ubi
1357 1140 1530 1182 deterior
1564 1141 1683 1179 lectio
1712 1140 1867 1179 doctam
1895 1141 2084 1179 Bruttiae

325 1195 428 1245 picis
470 1192 717 1230 mentionem
755 1206 922 1244 prorsus
958 1192 1190 1230 obliteravit·
1221 1192 1389 1244 ejusque
1423 1192 1468 1229 in
1505 1192 1636 1230 locum
1673 1192 1928 1245 participium
1965 1193 2084 1245 plane

328 1245 504 1283 otiosum
533 1243 764 1283 circumlita
793 1244 1024 1294 substituit,
1046 1259 1092 1282 .v.
1115 1244 1172 1282 40
1199 1250 1329 1282 autem
1358 1250 1532 1296 apertam
1561 1244 1677 1283 scioli
1704 1245 1989 1283 correctionem
2018 1261 2084 1283 ex-

329 1296 465 1345 hibet,
505 1296 576 1348 qui
605 1297 772 1334 cevendi
799 1296 1036 1334 vocabulum
1073 1303 1141 1334 aut
1167 1297 1255 1349 ipsc
1283 1296 1486 1348 ignoraret
1519 1301 1586 1337 aut
1613 1295 1626 1334 i
1657 1296 1790 1335 norari
1817 1311 1836 1335 a
1866 1297 2083 1337 lectoribus

284 1391 289 1396 ⁴
329 1348 474 1398 vellet,
518 1348 590 1387 scd
624 1351 745 1387 ut'ne
773 1347 1013 1387 Aehaintrio
1049 1348 1234 1401 quidem,
1276 1348 1422 1386 nedum
1458 1311 1703 1387 noso-atilius
1740 1349 1931 1401 pudorem
1968 1362 2084 1389 suum

328 1400 540 1453 probaret,
569 1400 756 1453 idemque
785 1400 1003 1438 eorundem
1025 1400 1228 1452 judicium
1256 1399 1340 1439 Sat.
1362 1400 1406 1438 X
1432 1399 1475 1438 in
1505 1400 1624 1439 turba
1648 1402 1763 1440 Remi
1789 1416 1863 1455 pro
1892 1408 2085 1443 tremente

329 1452 692 1506 deprehendimus,
723 1452 806 1492 Sat.
827 1451 888 1491 XI
918 1452 1076 1491 demum
1102 1453 1184 1492 illis
1207 1467 1367 1506 quoque
1390 1460 1434 1491 ut
1455 1452 1545 1491 aliis
1570 1453 1761 1507 imposuit
1788 1470 1827 1493 v.
1845 1455 1894 1493 91
1925 1456 2084 1509 rigidus

328 1519 495 1553 censor,
539 1505 617 1544 etsi
650 1511 741 1543 ante
777 1519 938 1544 severos
973 1519 1105 1544 mores
1145 1505 1222 1543 talc
1266 1505 1471 1558 epitheton
1508 1505 1617 1544 omni
1660 1506 1700 1545 vi
1737 1513 1845 1546 earet
1880 1508 2085 1562 multoque

328 1557 626 1610 significantius
655 1564 722 1597 est·
741 1564 959 1610 postremo,
989 1558 1099 1611 quod
1127 1558 1377 1596 severitatem
1407 1558 1630 1596 censoriam
1654 1573 1700 1597 eo
1724 1559 1882 1598 demum
1911 1562 2085 1607 crevisse

326 1610 502 1660 indicat,
533 1616 576 1648 ut
603 1611 667 1649 vel
698 1610 851 1663 collega
879 1610 1056 1663 collegae
1083 1610 1286 1648 timendus
1315 1616 1445 1659 esset,
1474 1624 1604 1662 neque
1632 1616 1699 1648 aut
1726 1626 1765 1649 v.
1781 1612 1862 1650 106
1877 1614 2085 1664 fulgentis

326 1677 401 1714 pro
437 1664 639 1701 venientis
676 1669 743 1700 aut
779 1677 817 1700 v.
839 1663 919 1699 128
954 1663 1073 1703 bilem
1107 1676 1181 1713 pro
1216 1661 1374 1699 viribus
1410 1661 1590 1713 quamvis
1626 1663 1761 1701 multis
1826 1664 1962 1703 robata
1998 1680 2083 1704 eam

328 1713 616 1766 praestantiam
643 1713 790 1752 habere
819 1713 1074 1763 arbitramur,
1103 1719 1146 1751 ut
1173 1712 1351 1766 reliquae
1378 1713 1500 1764 hujus
1529 1714 1776 1753 recensionis
1797 1677 1956 1762 Iljevitati
1982 1732 2083 1770 pon-

326 1766 403 1804 dus
441 1765 585 1804 addere
620 1765 804 1817 possint..
861 1766 1079 1819 Fulyevztis
1115 1771 1221 1803 certe
1255 1779 1277 1802 a
1305 1772 1526 1804 correctore
1560 1772 1713 1805 tantum
1747 1767 1971 1820 profectum
2005 1777 2081 1819 est,

327 1822 449 1870 quein
486 1817 650 1855 ablativi
687 1817 934 1855 constructio
972 1831 1064 1855 enm
1100 1818 1300 1855 venientis
1336 1817 1516 1869 quamvis
1556 1818 1717 1870 optimis
1755 1819 1964 1873 utriusque
2001 1837 2081 1861 ser-

326 1869 460 1908 monis
499 1868 765 1921 scriptoribus
807 1869 952 1906 usitata
987 1868 1207 1907 offenderet
1228 1868 1306 1922 1⁵),
1341 1868 1450 1908 hilis
1487 1876 1617 1908 autem
1654 1871 1747 1910 lieet
1784 1872 2081 1925 elegantissime

327 1922 534 1960 stomacho
569 1920 694 1960 tribui
722 1920 905 1960 videatur
937 1920 989 1961 ad
1024 1920 1130 1959 idem
1159 1921 1406 1973 exemplum,
1448 1937 1526 1975 quo
1558 1923 1749 1962 Horatius
1773 1924 1870 1963 vSat.
1901 1925 1954 1964 II.
1984 1928 2025 1970 8,
2054 1929 2082 1966 5

326 1976 482 2013 iratum
501 1980 701 2020 ventrem,
731 1973 967 2025 Propertius
990 1972 1065 2010 IV.
1078 1973 1118 2010 9.
1131 1973 1188 2011 62
1205 1975 1355 2026 iratam
1374 1975 1498 2023 sitim,
1528 1975 1614 2030 ipse
1633 1972 1770 2015 noster
1788 1976 1872 2016 Sat.
1886 1976 1983 2018 XV.
1996 1979 2082 2018 100

324 2027 447 2065 vacui
466 2026 622 2064 ventris
632 2026 827 2077 ficrorem
848 2024 965 2075 dixit,
987 2027 1103 2064 ¹nune
1126 2032 1254 2064 tamen
1276 2040 1357 2064 non
1379 2026 1565 2078 esuriem,
1595 2042 1673 2081 qua
1694 2029 1803 2068 velut
1822 2032 2080 2071 exacerbatus

325 2084 466 2118 venter
496 2077 540 2123 in
571 2077 685 2116 eibos
720 2077 869 2127 irruat,
902 2077 982 2115 'sed
1017 2078 1314 2139 languescentis
1352 2080 1544 2118 stomachi
1575 2080 1837 2128 incitamenta
1873 2083 2080 2138 intelligit,

324 2130 519 2181 neeusatis
541 2129 698 2169 laudari
719 2129 868 2182 poterit
885 2129 1117 2169 Heinriehii
1138 2144 1320 2181 acumen,
1350 2132 1666 2184 qui.aeerbitatis
1686 2134 1890 2174 notionem
1910 2137 2081 2176 alienam

321 2197 413 2222 esse
431 2182 794 2234 intelligens'vires
814 2181 862 2219 ab
882 2181 971 2233 ipsa
989 2181 1260 2220 moderatione
1279 2184 1569 2221 commendatas
1589 2185 1762 2223 reduxit.
1812 2187 1876 2224 De
1899 2203 1963 2226 vv.
1979 2188 2077 2227 201.

319 2234 405 2273 202
433 2233 668 2286 disputandi
690 2233 817 2271 otium
836 2233 955 2271 nobis
981 2233 1078 2272 fecit
1100 2235 1153 2272 A.
1169 2234 1220 2273 L.
1237 2233 1400 2285 Do'llen,
1429 2235 1645 2276 Professor
1659 2234 1908 2290 Riovienffis,
1943 2242 2013 2294 qui
2038 2242 2079 2281 in

321 2286 427 2326 libro
447 2300 580 2338 nuper
599 2286 731 2325 edito:
762 2286 950 2338 Beitrage
969 2299 1042 2324 zur
1055 2286 1186 2325 Rritik
1206 2287 1290 2325 'und
1308 2287 1533 2340 Erkl'arung
1552 2289 1622 2327 des
1631 2290 1809 2329 Juvenal
1868 2321 1877 2330 .
1894 2294 1973 2332 147
1986 2308 2077 2357 sqq.

319 2346 359 2378 et
387 2338 666 2384 auctoritatem
695 2352 833 2376 eorum
863 2342 1001 2377 c'ontra
1038 2337 1251 2381 multorum
1280 2338 1487 2379 deterioris
1521 2342 1770 2383 recensionis
1803 2344 1831 2384 1⁰
1865 2358 1998 2385 rorum
2028 2362 2082 2387 sl-

318 2391 490 2431 lentium
519 2396 559 2429 et
586 2390 741 2441 locum,
778 2405 897 2443 quem
926 2390 1010 2430 fere
1039 2391 1149 2429 solus
1178 2391 1377 2430 Budensis
1405 2393 1487 2431 illis
1515 2401 1607 2445 post
1635 2410 1673 2434 v.
1692 2396 1768 2443 164
1795 2389 1956 2449 tribuit,
1990 2404 2081 2438 acu-

317 2444 475 2484 tissime
504 2443 712 2492 defendit,
750 2442 890 2480 eodem
918 2449 1048 2481 autem
1076 2443 1257 2496 exemplo
1286 2443 1369 2482 Sat.
1393 2444 1489 2483 ΧΠ.
1512 2447 1563 2483 81
1596 2453 1692 2486 tunc
1719 2455 1940 2504 stagnante
1966 2454 2079 2499 sinu,

319 2503 473 2535 tantum
512 2494 628 2535 abest
668 2502 712 2533 ut
750 2495 815 2534 vel
855 2494 1029 2534 maximo
1067 2495 1260 2535 librorum
1299 2511 1465 2536 numero
1506 2499 1794 2551 concedam-us,
1841 2509 1884 2539 ut
1922 2517 2080 2541 omnem

408 2632 460 2672 15)
487 2632 541 2663 Cf.
570 2632 668 2663 Caes.
695 2631 732 2661 B.
763 2630 801 2660 C.
830 2630 858 2660 Ι.
882 2629 943 2660 3Ιι
981 2631 1162 2661 venientem
1191 2633 1332 2669 navibus
1360 2633 1565 2662 Tuberonem
1593 2641 1695 2675 portu
1726 2641 1826 2677 alque
1851 2636 1975 2678 oppido
2003 2648 2081 2679 pro-

289 2709 292 2711 *
317 2677 430 2712 Ιιίὁεες
453 2676 540 2709 ,Lim
570 2677 633 2715 lu.
653 2675 713 2705 30:
750 2674 928 2717 Virginius
955 2674 1087 2716 agmine
1110 2674 1403 2718 quadrigentorum
1428 2676 1596 2707 hon-inum
1620 2678 1773 2715 υειιίεηες
1805 2678 1968 2722 pluraque
1991 2682 2082 2723 apud

318 2721 426 2752 Kritz.
453 2721 495 2751 ad
520 2720 661 2751 Sallust.
686 2718 787 2750 Catil.
813 2729 849 2764 p.
866 2716 945 2754 301,
979 2722 1048 2748 tum
1073 2729 1227 2759 graecum
1252 2721 1437 2761 exemplum
1462 2721 1552 2753 Plut,
1572 2721 1613 2751 V.
1635 2721 1751 2753 Sdlon.
1779 2734 1808 2753 e.
1825 2724 1863 2753 92
1897 2724 2081 2763 ἀναχθέντα

315 2766 350 2796 δὲ
375 2773 506 2805 συχναῖς
531 2762 672 2806 ἁλιάσιν,
704 2768 735 2795 et
761 2774 846 2806 quae
871 2762 1064 2795 Nitzschias
1089 2763 1130 2794 ad
1154 2763 1291 2795 Homer.
1317 2765 1438 2805 odyss.
1473 2765 1511 2795 T.
1529 2765 1601 2802 ΙΙΙ,
1632 2776 1666 2807 p.
1682 2765 1747 2798 215
1778 2767 1928 2809 collegit.
