2400 2971
988 194 1343 243 „3-

271 333 414 383 fascia
442 333 565 381 visci,
603 331 660 369 40
688 330 726 368 V
757 344 805 369 ac
833 338 956 379 cevet,
985 331 1027 371 X
1055 339 1176 391 atque
1205 338 1318 370 cavet
1328 347 1340 382 3
1378 330 1431 369 (38
1455 329 1494 368 V
1512 328 1719 388 Aquilone
1741 327 1969 375 Decembri,
1998 327 2040 367 X

283 397 422 424 mense
449 382 688 433 Decembri,
726 383 812 422 100
838 384 878 422 V
901 399 1000 424 cara
1027 393 1101 435 est,
1129 385 1171 425 X
1194 398 1359 435 careas3
1397 383 1478 422 106
1503 383 1544 421 V
1568 388 1743 431 taceant,
1770 381 1813 421 X
1836 382 2038 430 clamant,

283 436 339 476 X.
360 438 411 475 73
438 436 479 474 V
504 437 627 476 turba
656 438 790 483 Remi,
818 436 860 475 X
888 438 1010 476 turba
1040 445 1239 488 tremens,
1276 438 1328 476 91
1357 436 1396 475 V
1419 449 1617 485 summas,
1644 435 1686 474 X
1708 435 1854 482 sellas;
1893 434 1975 473 310
2001 434 2042 472 V

283 492 296 528 i
327 503 439 529 nunc
466 496 520 537 et,
549 488 593 528 X
619 504 734 528 nvtrzc
760 504 880 543 cr903
918 491 998 529 313
1025 491 1065 529 V
1093 494 1192 531 irati
1220 490 1379 537 debent,
1407 488 1450 527 X
1477 490 1641 542 exiqere
1667 489 1788 538 irati,
1824 487 1901 526 XI.
1921 487 1972 527 91
2001 486 2041 524 V

281 548 498 594 postremo,
527 542 570 580 X
589 543 813 599 rigidique,
843 542 927 581 106
948 543 989 581 V
1008 545 1226 593 venientis,
1254 542 1297 582 X
1304 542 1513 594 fulgentis
1521 557 1533 591 5
1563 541 1643 579 128
1661 541 1702 579 V
1721 541 1837 588 viris,
1860 539 1903 579 X
1923 539 2038 588 bilis5

283 594 380 633 XII.
401 595 457 632 82
484 596 524 632 V
554 597 631 633 tuti
658 601 807 646 stagna
835 596 978 645 sinus,
1015 595 1057 635 X
1086 603 1183 635 tunc
1209 601 1432 649 stagnante
1458 595 1578 641 sinu,
1616 593 1698 631 110
1724 593 1764 631 V
1793 593 1963 639 turrim,
1999 590 2042 629 X

285 654 491 697 turmam3
532 648 609 685 113
637 647 676 684 V
703 648 869 685 victima
897 648 1012 695 sola,
1054 649 1131 687 115
1165 650 1330 687 victima
1358 660 1502 695 sacra,
1543 645 1659 683 XIII.
1682 644 1761 683 119
1789 643 1829 682 V
1860 643 2039 697 Vaqelli,

284 698 326 736 X
353 699 564 751 Bathylli,
601 698 680 737 142
706 698 747 736 V
772 712 848 738 nos
876 699 976 740 viles
999 701 1127 753 pulli,
1164 699 1207 740 X
1235 713 1309 739 nos
1336 699 1429 738 vilis
1454 698 1650 751 populus,
1686 697 1769 736 208
1794 696 1835 736 V
1863 696 1951 735 sola
1978 712 2041 735 vo-

286 751 449 799 luntas,
487 752 530 791 X
556 765 680 791 saeva
708 752 897 804 voluptas
907 769 920 803 5
958 753 1075 792 XIV.
1096 754 1123 791 2
1148 754 1190 791 V
1217 752 1422 791 maculam
1447 752 1682 797 haesuram,
1710 749 1753 788 X
1772 749 1976 788 maculam
2004 755 2042 787 et

284 817 455 857 ²uqam;
485 805 539 842 38
572 804 612 842 V
633 804 885 843 damnandis
909 805 1050 858 hujus,
1077 805 1120 843 X
1143 805 1306 845 damnis
1334 803 1523 856 hujusce,
1560 803 1611 842 62
1639 802 1680 841 V
1701 803 1786 842 leve
1807 808 2040 855 argentum,

283 854 325 893 X
354 856 465 894 lavat
494 862 737 909 arqentum,
771 856 825 896 63
853 857 894 895 V
913 858 1037 910 furit,
1065 858 1106 898 X
1123 859 1293 911 fiemit,
1323 857 1401 896 115
1424 856 1465 895 V
1486 855 1740 912 acquirendi,
1768 854 1811 894 X
1833 861 1955 912 atque
1977 870 2040 894 ve-

283 909 479 958 rendum,
510 910 590 948 176
615 909 656 947 V
679 910 900 955 immodici,
928 910 971 949 X
993 912 1205 959 indomiti,
1232 910 1315 949 208
1341 909 1382 947 V
1402 908 1633 961 repentibus
1657 921 1790 955 assae,
1816 906 1859 945 X
1877 921 2041 959 poscen-

284 961 391 999 tibus
420 975 574 1011 assem,
617 961 698 999 269
725 961 765 998 V
794 976 842 1001 ac
868 963 984 1007 vilis,
1022 963 1064 1002 X
1092 977 1116 1000 a
1147 962 1321 1011 Siculi33
1363 959 1460 999 XV.
1484 960 1537 999 25
1564 960 1604 998 V
1632 967 1818 999 temetum
1846 959 2039 1007 duxerat,

283 1012 326 1051 X
362 1019 552 1052 temetum
591 1014 844 1065 deduxerat,
889 1014 944 1052 27
978 1016 1019 1054 V
1053 1016 1208 1062 Junio,
1250 1014 1293 1053 X
1325 1013 1486 1063 Junco,
1529 1012 1583 1052 46
1608 1012 1649 1050 V
1677 1012 1818 1061 turba,
1856 1010 1898 1050 X
1925 1014 2038 1064 ripa,

282 1065 335 1103 65
357 1065 398 1103 V
418 1065 561 1122 quales
582 1073 635 1115 et,
660 1065 703 1104 X
750 1067 839 1105 nali
857 1081 921 1117 se,
950 1068 1029 1106 134
1047 1068 1089 1106 V
1105 1068 1290 1115 dicentis,
1319 1065 1361 1104 X
1381 1066 1580 1118 luqentis3
1609 1064 1724 1103 XVI.
1737 1064 1790 1103 23
1806 1063 1847 1102 V
1866 1064 2039 1112 mulino,

282 1116 325 1155 X
345 1118 620 1168 Mzainensis3
647 1119 701 1157 39
775 1119 935 1172 patulo,
963 1119 1005 1158 X
1021 1120 1177 1170 vetulo,
1192 1142 1242 1150 —-
1267 1132 1403 1158 nonne
1420 1118 1494 1157 hae
1514 1123 1608 1155 sunt
1625 1117 1851 1166 varietates,
1872 1131 2041 1169 quarum

286 1175 393 1207 utras
429 1169 600 1222 probes,
642 1186 726 1210 sem
757 1186 801 1210 er
832 1172 908 1209 hoc
945 1179 1096 1210 eertum
1124 1177 1303 1220 maneat,
1344 1175 1496 1208 mature
1524 1169 1750 1219 exstitisse,
1792 1168 1863 1222 qui
1890 1167 2040 1220 majore

282 1221 506 1260 temeritate
543 1236 662 1275 quam
696 1223 723 1262 fi
755 1238 775 1262 e
810 1222 853 1261 in
888 1227 1029 1275 poetae
1064 1222 1277 1262 lectionem
1310 1228 1610 1275 grassarentur,
1651 1221 1774 1261 iidem
1801 1228 1933 1261 tamen
1965 1235 2039 1273 pro

282 1273 518 1313 auctoritate
554 1289 627 1313 sua
655 1275 773 1314 etiam
807 1275 843 1313 si
902 1275 971 1313 uid
998 1276 1087 1315 vitii
1116 1275 1411 1328 subrepsisset,
1453 1275 1504 1313 ad
1530 1280 1713 1326 posteros
1740 1273 2038 1326 propagarent?

281 1325 425 1377 Neque
444 1332 576 1364 tamen
598 1326 758 1366 difficile
778 1333 839 1366 est
859 1341 881 1365 a
929 1327 1254 1377 discernendum,
1284 1328 1372 1366 utra
1395 1340 1444 1365 ex
1464 1326 1527 1365 his
1547 1325 1852 1366 recensionibus
1871 1325 2038 1379 propius

281 1376 332 1415 ad
359 1382 501 1429 potitae
528 1393 691 1417 manum
719 1379 896 1429 accedat,
927 1380 1106 1419 utriusve
1134 1380 1263 1431 major
1290 1379 1333 1418 in
1363 1379 1433 1418 illa
1461 1379 1686 1431 corruptela
1714 1378 1831 1431 culpa
1859 1378 2039 1417 habenda

282 1428 360 1478 sit,
394 1429 516 1482 idque
543 1431 678 1483 ipsum
707 1432 1032 1484 interpolationis
1063 1432 1349 1485 suspicionem'
1366 1431 1621 1470 vehementer
1648 1437 1788 1483 auget,
1817 1430 1926 1483 quod
1952 1431 2038 1469 ubi·

281 1495 441 1534 eunque
480 1496 559 1520 una
594 1499 643 1523 ex
671 1483 827 1522 duabus
866 1484 1109 1523 lectionibus
1140 1498 1238 1522 sano
1268 1484 1426 1535 judicio
1455 1482 1679 1521 damnanda
1705 1482 1909 1532 videatur,
1948 1496 2038 1535 pro-

280 1532 373 1584 pius
404 1535 676 1573 scrutantibus
705 1549 755 1574 ex
783 1549 918 1574 earum
946 1550 1096 1589 genere
1124 1535 1222 1586 erit,
1260 1550 1360 1590 quas
1388 1534 1505 1575 litera
1531 1534 1574 1574 X
1600 1534 1905 1588 insignivimus,
1943 1549 2037 1588 qua-

279 1598 449 1639 rumque
489 1586 666 1637 fontem,
706 1587 893 1642 quisquis
931 1589 1033 1639 fuit,
1073 1595 1239 1642 propter
1276 1591 1379 1627 hanc
1415 1587 1545 1640 ipsam
1580 1602 1738 1627 causam
1773 1594 1912 1626 nostro
1942 1590 2036 1641 jure

280 1637 519 1677 deteriorem
556 1641 819 1701 appellamus.
888 1640 993 1680 Sunt
1030 1643 1169 1695 utique
1197 1641 1240 1679 in
1269 1648 1437 1694 utraque
1469 1640 1727 1690 recensione,
1766 1654 1866 1693 quae
1894 1655 1966 1693 per
1993 1654 2036 1678 se

281 1696 457 1742 spectata
493 1691 577 1730 fere
613 1692 720 1731 ldem
756 1692 916 1745 pondus
954 1694 1125 1743 habent,
1164 1700 1208 1731 ut
1236 1693 1446 1745 ambiguus
1475 1691 1580 1730 inter
1613 1698 1820 1746 utramque
1847 1693 2035 1742 haereas;

279 1741 417 1780 eadem
452 1756 548 1782 vero
584 1743 824 1797 ambiguitas
861 1744 973 1784 illico
1006 1746 1192 1794 tolletur,
1233 1745 1351 1784 modo
1383 1758 1429 1783 ex
1462 1758 1506 1783 ea
1541 1744 1651 1797 lege,
1695 1759 1813 1798 quam
1849 1746 2034 1798 superius

307 1794 506 1844 osuimus,
531 1796 779 1848 integrorum
798 1797 994 1836 librorum
1009 1798 1178 1836 virtutes
1202 1804 1241 1835 et
1257 1797 1354 1835 vitia
1375 1802 1554 1834 accurate
1574 1797 1877 1847 examinaveris,
1907 1812 2035 1850 eoque

296 1852 384 1883 acto
423 1847 487 1884 vel
523 1847 630 1885 inter
669 1848 784 1898 illas,
836 1863 938 1901 quae
975 1849 1215 1887 libramento
1252 1847 1424 1901 quodam
1463 1847 1654 1900 suspendi
1690 1848 1924 1900 videantur,
1967 1863 2034 1888 eas

275 1896 585 1948 posthabueris,
624 1913 794 1952 quarum
822 1900 1026 1953 exemplar
1053 1900 1150 1940 alibi
1187 1906 1254 1938 aut
1289 1898 1500 1937 maniI'esta
1528 1914 1642 1938 eorru
1675 1900 1754 1939 tela
1786 1900 1941 1940 laboret
1968 1908 2035 1940 aut

276 1954 383 1987 certe
412 1947 657 1988 deteriorum
684 1951 906 1991 lectionum
933 1952 1192 1991 multitudine
1221 1951 1386 1990 alterum
1414 1958 1588 2004 superet.
1646 1914 1715 1990 gie
1743 1966 1782 1990 v.
1803 1966 1839 1990 c.
1866 1953 2034 2004 perinde

275 1999 353 2038 erit
380 1999 431 2037 ad
460 2014 641 2051 sensum,
671 2009 806 2041 utrum
827 2004 1005 2055 disponit
1033 2018 1083 2041 au
1113 2005 1328 2055 componit,
1358 2010 1474 2041 torva
1502 2017 1552 2040 an
1580 2017 1718 2050 saeva,
1748 2003 1864 2040 nullo
1889 2006 2036 2060 quippe

274 2052 394 2089 modo
424 2065 475 2088 an
504 2067 685 2110 namque
714 2054 842 2092 oblita
870 2056 996 2103 modi,
1025 2056 1230 2108 sanquine
1257 2067 1306 2093 an
1334 2060 1557 2105 stemmate,
1574 2055 1763 2108 frontem
1792 2068 1842 2094 an
1857 2056 2034 2109 faciem,

259 2102 414 2155 fremit
440 2117 492 2143 au
508 2105 625 2158 furit
651 2105 856 2160 legamus,
894 2114 934 2147 at
961 2107 1052 2161 quis
1082 2107 1246 2147 omnino
1275 2109 1388 2161 sequi
1411 2109 1522 2151 malit
1548 2109 1692 2158 libros,
1722 2108 1791 2161 qui
1819 2109 2034 2147 manifesto

272 2163 444 2195 metrum
480 2171 639 2197 cort-um
671 2166 745 2197 unt
781 2160 996 2198 scribendo
1029 2159 1143 2198 Getis
1176 2175 1249 2213 pro
1281 2159 1432 2209 Cattis,
1475 2161 1681 2200 destinata
1713 2173 1787 2214 pro
1817 2160 2032 2213 festinata,

271 2208 448 2247 caduceo
476 2222 551 2262 pro
581 2223 628 2250 ca
659 2225 776 2260 urco,
803 2225 879 2264 pro
901 2218 1040 2252 ectum
1069 2227 1142 2266 pro
1164 2213 1438 2264 praefectura,
1469 2227 1612 2253 careas
1641 2228 1811 2252 anrwna
1839 2227 1912 2265 pro
1935 2228 2034 2252 cara

270 2267 329 2300 est
358 2276 547 2309 annona,
584 2270 776 2302 temetum
804 2265 853 2302 de
883 2271 1034 2303 uxerat
1061 2278 1134 2316 pro
1163 2271 1351 2304 temetum
1379 2266 1572 2315 duxerat,
1601 2265 1666 2304 vel
1692 2264 1866 2318 ineptias
1894 2269 2034 2318 potitae

269 2320 517 2367 suggerunt,
561 2322 604 2354 ut
639 2316 781 2354 aulam
814 2330 889 2370 pro
927 2318 1090 2366 aviam,
1136 2331 1234 2357 arca
1269 2332 1342 2370 pro
1377 2318 1549 2366 umbra,
1592 2333 1736 2370 regum
1770 2332 1845 2370 pro
1875 2332 2032 2365 rerum,

267 2365 453 2406 clamant
479 2382 556 2420 pro
586 2375 763 2416 taceant,
796 2371 937 2421 pueris
961 2370 1219 2423 poscentibus
1247 2383 1378 2409 assem
1406 2376 1500 2420 etc.,
1539 2370 1605 2409 vel
1631 2376 1767 2422 aperta
1793 2369 2034 2422 glossemata

265 2417 309 2456 in
332 2418 629 2472 elegantiorum
653 2421 874 2461 lectionum
897 2422 1033 2462 locum
1053 2421 1317 2472 substituunt,
1347 2428 1391 2460 ut
1410 2437 1555 2474 operae
1571 2425 1747 2474 pretium
1763 2436 1837 2476 pro
1856 2424 2033 2474 pretium

264 2484 414 2518 curae,
454 2474 609 2526 pingas
647 2487 721 2527 pro
755 2487 912 2526 ponas,
950 2474 1066 2527 plebe
1097 2488 1171 2528 pro
1204 2474 1333 2527 pube,
1376 2475 1538 2514 diversa
1569 2481 1687 2528 parte
1719 2489 1793 2529 pro
1828 2475 2028 2525 diversae,

260 2529 382 2577 qente
408 2538 483 2579 pro
513 2533 667 2576 monte,
697 2541 837 2567 mense
863 2542 938 2581 pro
961 2527 1187 2586 Aquilone,
1222 2527 1315 2566 vilis
1341 2528 1515 2579 populus
1543 2542 1616 2580 pro
1643 2529 1743 2567 viles
1762 2528 1884 2579 pulli,
1908 2528 2031 2566 sellas

260 2576 426 2615 curules
460 2592 537 2631 pro
565 2593 776 2627 summas,
821 2594 935 2619 ηιιηο
971 2594 1068 2634 erqo
1100 2593 1175 2633 pro
1205 2582 1220 2618 i
1247 2593 1382 2630 nunc,
1420 2593 1540 2619 sacra
1568 2593 1640 2634 pro
1669 2580 1780 2631 sola3
1825 2586 2029 2634 postremo

262 2627 298 2666 si
327 2629 500 2670 maxime
530 2630 734 2674 difficilior
768 2632 880 2689 optio
909 2640 1116 2684 occurrat,
1156 2639 1266 2673 tanta
1300 2633 1536 2687 plerumque
1564 2633 1807 2673 Pithoeanae
1841 2633 2028 2673 lectionis

258 2684 504 2735 praestantia
550 2693 635 2738 est,
689 2695 734 2727 ut
778 2688 900 2728 etiam
944 2687 1014 2726 ubi
1063 2687 1264 2726 contraria
1305 2686 1428 2725 scribi
1465 2701 1486 2725 a
1523 2691 1641 2740 pocta
1681 2686 1886 2741 potuerit,
1938 2701 2027 2726 cum

256 2735 326 2774 illa
363 2746 591 2791 comparata
635 2740 875 2780 deteriorem
921 2741 1055 2781 locum
1099 2739 1292 2779 obtineat.
1387 2739 1506 2790 Quod
1550 2755 1600 2779 ue
1641 2746 1789 2780 temere
1834 2739 2026 2778 sumsisse
