2400 2971
8 279 17 317 ΔΜ,
11 268 13 272 ,
4 224 14 253 „-

1063 196 1421 247 —16ffl

359 341 544 379 omnium
571 353 672 378 sane
700 339 842 389 optimi
875 345 996 395 atque
1023 338 1299 393 antiquissimi
1330 337 1578 386 scripturam
1608 334 1785 385 exprimi
1814 341 2003 384 curaret,
2043 339 2121 390 qua

357 407 400 431 rc
430 393 576 429 sactum
605 397 689 440 est,
729 396 774 428 ut
801 389 936 429 eadem
971 387 1225 442 superstitio,
1267 402 1370 441 quae
1404 387 1447 426 in
1480 384 1687 448 plerisque
1723 384 1816 424 aliis
1855 387 2120 440 scriptoribus

358 459 456 487 sano
477 442 634 495 judicio
663 443 814 481 tamdiu
841 442 1001 490 restitit,
1030 440 1239 480 Juvenalis
1268 440 1427 490 satiras,
1457 453 1493 477 si
1522 452 1544 476 a
1572 437 1711 491 paucis
1740 437 1842 476 loeis
1864 438 2119 492 discesseris,

356 510 481 549 paene
509 495 680 548 integris
710 493 839 533 verbis
867 493 916 532 ad
944 499 1123 532 nostram
1152 506 1280 547 usque
1308 498 1476 532 aetatem
1505 496 1704 541 servaret,
1739 489 1869 529 donec
1896 491 2119 545 Rupertius

355 548 553 601 primum,
603 563 696 587 mox
731 545 990 584 Achaintrius
1027 545 1201 607 aliiflue,
1252 545 1347 583 dum
1386 543 1595 583 codicibus
1633 542 1814 596 undique
1850 545 2118 597 congerendis

355 600 544 653 optimam
573 599 846 648 recensionem
874 596 992 636 etiam
1020 597 1226 636 meliorem
1253 598 1341 637 fieri
1376 610 1497 650 posse
1531 601 1719 649 sperant,
1759 602 1828 634 aut
1859 604 2117 637 numerantes

354 660 421 692 aut
455 666 579 706 pravo
615 650 793 691 examine
822 649 1002 703 singulas
1035 650 1230 689 lectiones
1266 650 1536 704 ponderantes
1565 648 1803 687 deteriorem
1838 649 2118 690 recensionem

353 720 444 743 cum
490 705 636 757 optima
680 701 881 741 teterrimo
919 717 1032 742 exem
1064 702 1103 741 lo
1142 709 1291 743 temere
1329 702 1561 742 miscerent.
1639 699 1761 752 Quod
1799 701 1836 741 si
1873 702 1967 755 quis
2007 718 2117 743 nunc

354 759 519 798 salutem
555 756 695 809 potitae
730 754 953 795 miserrime
982 755 1030 795 de
1052 762 1204 795 ormato
1239 757 1380 795 afferre
1417 761 1570 794 certum
1602 768 1652 793 ue
1680 753 1990 807 fundamentum
2015 770 2114 794 nan-

353 811 450 849 cisci
478 809 576 857 vult,
606 822 685 861 quo
714 809 757 846 in
786 807 862 858 eis,
891 821 993 870 quae
1023 808 1195 847 fortasse
1224 808 1479 860 conjecturae
1507 821 1570 845 me
1600 806 1661 845 ela
1689 805 1889 860 indigent,
1922 808 2114 848 sanandis

352 862 532 910 insistat,
570 860 652 899 nisi
679 859 790 899 aliud
818 861 1042 914 meliusque
1071 859 1255 913 ejusdem
1285 859 1553 910 recensionis,
1589 873 1709 912 quam
1735 858 1926 898 Budense
1953 861 2114 900 Pithoei

351 914 544 966 praefert,
590 914 795 965 exemplar
830 913 1055 963 invenerit,
1105 914 1217 952 nulla
1251 927 1327 952 nec
1364 911 1511 951 certior
1548 925 1622 950 nee
1659 910 1884 964 simplicior
1918 911 1984 951 via
2021 912 2112 963 erit,
2164 940 2170 948 .

349 980 466 1019 quam
504 972 548 1003 ut
585 964 723 1003 missis
759 964 813 1003 ali
843 964 1052 1018 uantisper
1091 979 1354 1019 quaecunque
1391 970 1484 1018 post
1516 964 1732 1003 Pithoeum
1769 964 1813 1002 in
1851 965 2111 1003 recensendis

349 1018 482 1056 satiris
512 1017 617 1056 facta
646 1023 764 1065 sunt,
804 979 855 1055 aiil
882 1017 998 1056 illum
1026 1032 1152 1056 unum
1181 1018 1339 1068 redeat,
1380 1016 1628 1070 reliquorum
1661 1020 1793 1055 autem
1820 1015 2005 1057 codicum
2033 1016 2111 1058 sar-

347 1070 487 1123 ragine
515 1069 569 1108 ita
596 1075 752 1108 tantum
779 1075 929 1121 utatur,
959 1076 1004 1110 ut
1032 1085 1082 1110 ex
1110 1085 1248 1111 eorum
1275 1077 1417 1121 aetate,
1452 1083 1671 1119 consensu,
1707 1069 1880 1121 aliisque
1906 1069 2111 1122 praestan-

347 1122 425 1162 tiae
454 1123 618 1162 indiciis
648 1137 732 1162 non
761 1123 831 1166 ille
859 1123 1023 1176 quidem
1050 1124 1260 1163 Juvenalis
1289 1136 1475 1173 manum,
1514 1122 1585 1161 sed
1613 1119 1824 1161 deterioris
1859 1122 2110 1164 recensionis

349 1176 515 1215 formam
560 1181 693 1225 eruat,
746 1189 867 1230 quam
913 1190 1038 1230 quum
1076 1175 1206 1230 ipsam
1242 1176 1329 1230 jam
1366 1175 1484 1216 tertio
1520 1181 1712 1230 quartove
1748 1190 1784 1214 a.
1810 1174 1910 1214 Chr.
1949 1177 2110 1224 saeculo

346 1229 550 1269 exstitisse
582 1225 918 1278 intellexerimus,
955 1229 1122 1268 eandem
1145 1229 1399 1268 librariorum
1422 1229 1493 1290 qui
1545 1234 1654 1267 ostea
1677 1227 1727 1265 ad
1748 1242 1835 1266 eam
1854 1236 2111 1268 accesserunt

347 1282 586 1334 corruptelis
622 1281 771 1319 adeove
805 1281 933 1320 novis'
953 1281 1242 1320 diorthotarum
1271 1243 1587 1320 eorreenoniiius
1623 1294 1705 1319 non
1734 1280 1867 1320 minus
1895 1295 2015 1343 quam
2042 1297 2108 1344 ge-

349 1334 496 1373 nuinos
517 1333 767 1387 antiquitatis
791 1334 896 1373 fetus
919 1333 1135 1373 obnoxiam
1155 1334 1283 1372 fuisse
1304 1340 1454 1372 certum
1478 1340 1553 1372 est.
1607 1332 1750 1385 Neque
1771 1332 1880 1371 enim
1904 1340 1959 1372 ita
1978 1335 2108 1397 accipi

346 1402 367 1423 a
403 1387 518 1424 vobis
562 1400 664 1439 quae
708 1386 837 1425 adhuc
873 1386 1166 1441 disputavimus
1208 1386 1418 1435 volumus,
1496 1384 1584 1423 uasi
1619 1390 1687 1423 aut
1722 1398 1861 1424 omnes
1896 1385 2106 1426 deterioris

346 1438 596 1477 recensionis
625 1444 748 1478 testes
776 1438 943 1491 perinde
970 1437 1204 1489 habeamus,
1235 1444 1303 1477 aut
1331 1400 1647 1491 ipsaquithoei
1674 1437 1951 1478 recensionem
1979 1440 2107 1479 omni-

345 1492 421 1529 bus
450 1491 607 1530 mendis
636 1505 802 1529 vacuam
829 1497 1038 1544 putemus3
1077 1491 1198 1530 immo
1222 1490 1287 1530 vel
1313 1490 1419 1530 inter
1442 1489 1661 1540 deterioris
1683 1489 1821 1543 stirpis
1850 1490 1976 1530 libros
2000 1506 2105 1543 esse,

345 1543 415 1597 qui
454 1543 672 1596 genuinam
709 1547 850 1597 po‘etae
888 1558 1049 1582 manum
1085 1544 1244 1582 fidelius
1283 1558 1402 1597 quam
1441 1542 1510 1582 alii
1547 1542 1810 1594 retinuerint,
1853 1558 1976 1597 quum
2014 1545 2107 1584 aliis

347 1597 447 1635 locis
476 1596 583 1634 haud
611 1596 769 1649 exiguis
797 1602 881 1635 tum
910 1595 1190 1649 insignissimo
1220 1595 1304 1636 Sat.
1325 1596 1359 1635 Ι.
1380 1596 1459 1635 116
1485 1595 1786 1649 comprobatur,
1824 1596 1895 1635 ubi
1923 1599 2106 1650 quamvis

345 1649 482 1688 multis
512 1648 720 1688 codicibus
750 1663 959 1689 commune
986 1649 1186 1702 glossema
1214 1650 1371 1689 ciconia
1399 1663 1473 1701 pro
1501 1648 1729 1688 Concordia
1757 1654 1890 1687 tamen
1919 1649 1969 1686 ad
1996 1650 2105 1703 prin-

344 1702 454 1754 cipes
485 1701 660 1739 familiae
688 1700 771 1739 no'n
799 1701 1000 1754 pertinere
1025 1707 1064 1740 et
1086 1701 1274 1754 Rupertii
1296 1701 1450 1755 aliquot
1471 1707 1511 1740 et
1531 1699 1714 1754 plerique
1735 1700 1913 1741 Parisini
1937 1701 2104 1755 docent,

342 1768 581 1808 rursumque
615 1768 665 1794 ne
700 1752 860 1793 Pithoei
895 1753 1058 1808 quidem
1095 1755 1299 1809 exemplar
1330 1755 1456 1793 malae
1493 1753 1716 1793 sedulitatis
1751 1754 1935 1807 vestigiis
1970 1770 2104 1795 carere

341 1806 518 1845 ostendit
545 1806 663 1846 lectio
693 1807 971 1859 testiculorum
1000 1806 1084 1845 Sat.
1116 1807 1299 1847 X11.'36
1324 1821 1399 1870 pro
1429 1806 1626 1856 testiculi,
1666 1821 1786 1860 quam
1815 1806 1934 1846 facile
1962 1822 2104 1848 conce-

339 1859 470 1897 dimus
510 1859 634 1898 solius
672 1859 804 1898 hiatus
842 1859 995 1899 vitandi
1034 1873 1154 1899 causa
1192 1866 1337 1900 mutari
1363 1859 1579 1914 potuisse,
1624 1865 1669 1897 ut
1705 1859 1909 1899 mittamus
1949 1861 2103 1900 scholia

338 1911 567 1962 Budensia,
607 1927 708 1964 quae
737 1912 786 1951 ad
816 1911 907 1950 vll.
932 1912 1011 1951 154
1038 1912 1334 1965 ineptissimam
1363 1912 1602 1966 scripturam
1629 1911 1793 1952 cambre
1819 1926 1893 1965 pro
1922 1913 2101 1963 crambe,

338 1977 455 2016 quam
499 1979 590 2002 cnm
630 1964 825 2003 deteriore
866 1965 1101 2004 recensione
1143 1979 1395 2005 communem
1434 1965 1607 2016 habent,
1662 1964 1835 2004 ridicula
1875 1965 2102 2006 eruditione

338 2022 499 2055 tuentur
514 2018 597 2070 23),
626 2040 673 2046 —
712 2017 784 2056 sed
818 2017 1005 2056 universe
1041 2018 1315 2071 spectantibus
1345 2025 1384 2058 et
1412 2016 1701 2057 sincerissimis
1730 2017 1895 2056 alterius
1924 2017 2101 2058 familiae

338 2069 506 2107 testibus
535 2070 655 2122 longe
683 2076 883 2122 praestare
911 2070 1131 2109 Pithoeana
1159 2070 1342 2110 recensio
1370 2069 1596 2120 videbitur,
1636 2075 1698 2119 et,
1738 2069 1848 2123 quod
1875 2075 1995 2122 caput
2022 2077 2099 2120 est,

336 2135 386 2159 ne
424 2121 493 2159 ubi
529 2122 672 2160 menda
709 2121 951 2160 contraxerit
984 2122 1146 2175 quidem
1183 2122 1336 2162 medela
1374 2138 1424 2163 ex
1458 2121 1655 2162 deteriore
1690 2122 1826 2175 potius
1862 2122 2100 2162 recensione

333 2187 454 2212 «uam
493 2188 542 2212 ex
578 2173 648 2213 tali
686 2173 916 2226 conjectura
954 2175 1124 2227 petenda
1162 2175 1261 2223 erit,
1310 2191 1412 2229 quae
1449 2175 1462 2212 i
1494 2174 1579 2213 sius
1607 2174 1822 2214 Pithoeani
1859 2174 2098 2228 exemplaris

352 2225 595 2265 undamento
634 2227 797 2265 nitatur.
869 2226 973 2264 Nam
1010 2227 1119 2279 quod
1156 2227 1204 2265 de
1237 2227 1432 2266 Tliuaneo
1463 2189 1666 2267 {laniatis
1703 2226 1841 2266 codice
1879 2225 2098 2266 Schneide-

330 2277 491 2328 winus,
531 2279 685 2332 collega
713 2277 1070 2330 conjunctissimus
1093 2279 1174 2333 24),
1214 2280 1263 2320 de
1290 2280 1475 2320 Mediceo
1501 2279 1890 2333 Tacitipraeclarae
1919 2279 2008 2333 spei
2029 2279 2097 2332 ju-

329 2372 652 2413 ipsuruBudensem
677 2381 694 2400 a
720 2367 860 2399 Pitboco
883 2370 1005 2410 passim
1031 2375 1216 2403 correctum
1243 2383 1314 2404 esse
1341 2373 1467 2410 innuit,
1493 2383 1596 2415 quum
1621 2372 1767 2403 disertae
1794 2372 1934 2404 editoris
1955 2371 2096 2403 affirma·
2158 2392 2163 2397 ·

330 2417 414 2447 tioni
445 2419 636 2460 repugnet,
675 2425 740 2445 non
775 2417 897 2444 temere
931 2415 1115 2446 credemus.
1144 2435 1187 2439 —
1258 2417 1314 2456 23)
1346 2417 1438 2448 Haec
1472 2418 1559 2447 enim
1593 2420 1776 2448 annot-nh
1811 2417 2025 2459 proverbium
2056 2416 2097 2446 de

333 2461 478 2492 Cambra
511 2467 543 2492 et
573 2459 714 2490 Anatho
748 2458 900 2488 omnibus
934 2459 1067 2493 tritam,
1107 2471 1209 2501 quum
1242 2461 1331 2491 nihil
1363 2462 1431 2492 sibi
1464 2466 1531 2491 tam
1562 2460 1685 2502 fuisse,
1703 2460 1872 2504 cognitum
1902 2459 2096 2504 significare

328 2505 515 2542 voluerint;
551 2509 694 2535 tractum
718 2513 739 2532 a
763 2502 861 2531 nimis
882 2501 1054 2544 frequenti
1076 2503 1240 2535 relatione
1263 2505 1423 2536 historiae
1446 2505 1516 2535 sive
1540 2503 1683 2546 fabulae
1707 2505 1752 2537 ,ab
1776 2505 1893 2547 aliquo
1919 2510 1989 2535 tum
2014 2505 2095 2534 seri·

325 2554 417 2590 ptae.
473 2549 613 2591 Reperit
641 2546 799 2578 nimirum
824 2546 988 2587 interpres
1012 2547 1139 2577 alicubi
1170 2546 1292 2589 ἄνηθον
1320 2560 1395 2580 cnm
1424 2547 1741 2590 xpduey'tanquam
1769 2548 1961 2579 tenuiorum
1988 2547 2094 2578 homi-

328 2603 405 2622 num
429 2594 553 2624 vietum
574 2593 735 2634 junctum
760 2590 821 2627 (ef.
839 2589 1010 2631 Aristoph.
1033 2590 1144 2621 Nnbb.
1166 2591 1248 2630 982,
1281 2593 1399 2624 Athen.
1420 2592 1517 2623 vlu.
1537 2591 1593 2632 39)
1616 2593 1763 2634 indeque
1786 2592 1871 2622 mira
1894 2591 2093 2623 confusione

327 2636 497 2668 fabulosas
521 2643 684 2679 person-‘s
709 2634 819 2666 finxit.
839 2652 881 2657 ——
944 2634 1000 2674 24)
1024 2635 1179 2676 Prolegg.
1208 2647 1240 2678 p.
1257 2648 1377 2668 ixxxvz
1415 2635 1664 2680 stupidissimus
1695 2637 1886 2677 ceteroquin
1918 2635 2091 2671 librarius,

326 2682 386 2722 qui
410 2683 468 2712 vix
495 2683 596 2712 verba
619 2679 759 2723 singula
786 2678 992 2709 intellexisse
1016 2679 1188 2715 videntum
1222 2686 1288 2711 tam
1313 2682 1455 2724 turpiter
1476 2679 1531 2711 vel
1557 2680 1594 2711 t'n
1616 2679 1834 2723 apertissimis
1858 2679 2002 2716 titubat,-
2035 2678 2094 2709 sed

356 2745 364 2754 .
383 2746 392 2754 .
417 2725 470 2755 vel
491 2726 537 2755 sie
565 2725 667 2755 codex
691 2729 739 2754 est
764 2733 851 2753 unm
874 2722 1020 2753 omniurn
1045 2723 1340 2761 emendatissimus,
1370 2726 1402 2756 si
1417 2736 1577 2756 summam
1600 2729 1738 2767 spectes,
1770 2721 1868 2767 eujus
1892 2723 1947 2754 vel
1968 2734 2093 2754 errores

323 2768 432 2809 pluris
455 2775 532 2799 sunt
556 2780 651 2811 quam
677 2768 883 2810 reliquorum
906 2766 1092 2798 mtcnditiae
1114 2768 1355 2800 existimandae
1378 2773 1442 2800 etc.
1503 2809 1509 2813 .
