2400 2971
1033 233 1102 237 -q
1178 198 1393 254 14--

333 341 375 379 in
407 341 490 380 Sat.
523 339 614 378 V11.
646 353 684 377 v.
705 338 755 376 91
788 344 826 377 et
852 338 929 377 20¹
962 339 1058 377 satis
1087 337 1304 377 verisimile
1333 343 1394 375 est
1421 336 1645 375 diorthotae
1674 334 1834 385 deberi,
1872 337 1943 391 qui
2001 353 2095 377 uum

332 389 532 444 numeros
549 405 719 444 aequare
748 391 936 441 studeret,
965 392 1090 430 multo
1118 389 1311 442 majorem
1339 388 1573 428 variationis
1599 387 1905 428 delectationem
1930 390 1979 430 de
1997 391 2093 443 evit,

332 461 408 485 nec
440 444 608 485 Gallum
643 443 824 483 videmus
861 458 932 482 eur
963 443 1084 484 Cosso
1119 448 1432 496 postponamus,
1474 457 1594 496 quem
1623 441 1658 479 si
1687 448 2005 483 consentaneum
2034 450 2102 483 est'

332 499 500 538 eundem
538 497 701 546 haberi,
747 511 866 549 quem
904 503 947 535 ut
984 495 1199 549 aliquando
1239 495 1365 534 eliens
1407 495 1576 545 salutet,
1625 493 1709 533 Sat.
1740 493 1815 532 111.
1844 494 1926 534 184
1962 496 2094 557 pretio

333 551 526 590 redimere
556 549 718 599 dieitur,
746 563 827 586 non
854 548 952 587 adeo
981 548 1175 602 ignobilis
1204 548 1333 588 fuisse
1360 554 1508 601 potest,
1538 554 1582 585 ut
1609 561 1700 585 cum
1725 545 1864 585 Basilo
1890 561 2093 591 soclorum

331 602 679 656 circumscriptore
708 600 779 654 (X.
803 600 899 655 222)
938 601 1044 641 inter
1070 602 1272 641 minorum
1309 601 1489 655 gentium
1518 608 1695 641 oratores
1722 599 1951 651 seren-atta,
1985 601 2094 641 Gal·

331 658 417 695 lum
434 662 585 703 autem
604 655 639 693 si
667 653 874 707 quaeritis,
903 654 1075 694 idoneus
1104 661 1265 716 praesto
1294 660 1355 694 e'st
1383 654 1489 707 apud
1517 652 1626 696 Plin.
1653 652 1787 705 Epist.
1818 652 1873 690 11.
1895 653 1934 706 7,
1964 667 2091 707 quan-

330 723 449 761 quam
478 708 520 746 id
548 719 766 759 cognomen
803 706 941 745 multis
970 707 1205 747 hominibus
1237 721 1447 746 commune
1476 712 1572 746 erat.
1640 703 1724 744 Sat.
1758 704 1870 744 VIII.
1902 705 1985 745 109
2019 720 2091 746 cur

328 760 471 810 modus
506 758 735 821 potentialis
769 760 972 812 eripiatur
1005 760 1247 800 Heinrichio
1283 760 1417 799 minus
1481 759 1673 808 iacuerit,
1713 772 1765 797 ne
1801 758 1889 811 ipse
1925 759 2089 811 quidem

329 813 565 865 explicavit,
606 811 752 849 similis
784 826 833 850 ue
862 812 982 852 causa
1011 813 1185 863 estSat.
1203 812 1279 852 IX.
1297 813 1352 851 25
1379 774 1491 853 νει-Εἰ
1518 812 1736 863 scelerare,
1764 824 1838 864 pro
1895 826 1948 850 uo
1975 826 2088 866 aper-

329 872 409 903 tum
444 865 640 918 glossema
680 864 762 903 cele
790 879 886 905 rare
923 866 1100 920 recepit,
1145 866 1244 905 haec
1288 864 1702 908 tantunrannotansz
1753 866 1828 902 das
1937 872 2010 904 ort.
2035 867 2089 903 ist

323 925 411 971 yut,
442 918 545 955 aber
573 917 688 956 nicht
716 919 772 955 im
802 915 1035 958 Sinne'der
1055 919 1182 959 Seelle
1193 925 1213 969 3'
1242 932 1284 958 es
1311 919 1391 957 soll
1418 918 1508 966 hier
1536 918 1628 957 kein
1655 917 1786 956 scelus
1812 916 1915 970 ‘qen-ii
1944 923 1961 955 t
1985 931 2086 960 wer-

324 971 426 1019 den3
470 975 510 1007 at
546 983 790 1022 quaesumus
828 970 864 1008 si
901 971 994 1024 quis
1031 972 1222 1011 moechus
1252 970 1412 1010 Cereris
1449 971 1542 1009 sana
1578 969 1691 1016 adeat
1726 968 1864 1022 ibique
1891 984 1913 1008 a
1943 968 2086 1009 ulteria

323 1028 530 1072 exerceat,
569 1036 706 1061 nonne
742 1022 980 1075 planissime
1017 1025 1149 1064 scelus
1186 1023 1428 1062 committit?
1492 1023 1595 1062 ibid:
1626 1037 1665 1060 v.
1685 1023 1735 1060 61
1773 1035 1825 1060 ne
1852 1021 2087 1060 memoravit

323 1075 486 1127 quidem
523 1075 726 1126 insignem
754 1074 914 1120 Pithoei
949 1076 1165 1114 lectionem
1196 1076 1350 1114 cacalis
1385 1089 1459 1127 pro
1488 1074 1661 1122 casulis,
1706 1086 1824 1127 quam
1851 1072 2085 1127 neutiquam

324 1126 591 1178 spernendam
629 1139 723 1164 esse·
749 1125 977 1165 Freundius
1014 1127 1057 1166 in
1088 1127 1242 1167 Lexieo
1278 1133 1385 1167 reete
1421 1126 1643 1178 intellexit,
1684 1125 1793 1179 quod
1829 1131 1960 1164 autem
1996 1124 2082 1164 Sat‘.

322 1180 443 1218 X..Gl
478 1179 662 1217 stridunt
718 1193 762 1216 ro
791 1180 966 1221 ,strident
990 1180 1195 1241 praetulit,
1226 1194 1247 1217 a
1271 1179 1447 1232 Virgilio
1471 1193 1632 1242 quoque
1656 1184 1793 1217 contra
1821 1177 1955 1231 ipsum
1975 1177 2083 1231 Hey-

322 1232 435 1270 nium
465 1230 669 1282 abjudicat
736 1234 813 1269 one
841 1231 941 1270 iiber
961 1231 1026 1271 dne
1044 1231 1221 1285 Spraehe
1243 1232 1280 1270 d.
1300 1236 1402 1271 rom.
1420 1231 1572 1285 Ep1ker
1598 1246 1639 1284 p.
1655 1231 1754 1280 1673
1783 1236 1906 1283 utque
1934 1230 2083 1270 ibidem

323 1300 360 1323 v.
381 1284 435 1322 97
464 1285 571 1322 tanti
599 1297 673 1334 pro
704 1289 865 1321 tantum
900 1284 1019 1324 docte
1050 1291 1184 1323 tuetur
1209 1284 1439 1336 Madvigius
1468 1285 1646 1337 Opuscc.
1682 1283 1734 1322 T.
1751 1281 1806 1333 II,
1835 1296 1878 1336 p.
1899 1282 1991 1334 189,
2029 1283 2083 1322 ita

322 1351 397 1375 nec
427 1335 513 1374 Sat.
544 1334 620 1374 Xl.
654 1335 733 1374 118
764 1335 942 1375 dubitari
968 1343 1124 1390 potest,
1168 1337 1267 1390 quin
1296 1343 1460 1390 propter
1487 1336 1645 1377 easdem
1672 1335 1871 1385 rationes,
1911 1350 2010 1388 quas
2040 1336 2083 1374 in

324 1388 449 1431 simili
487 1388 728 1427 confusione
764 1388 950 1426 Handius
985 1389 1162 1427 Turseli.
1200 1389 1304 1439 T.1,
1341 1403 1383 1441 p.
1402 1390 1454 1426 78
1485 1385 1710 1437 adhibuit,'
1734 1387 1790 1425 acl
1815 1399 1916 1425 usus
1949 1387 2082 1427 locum

324 1455 441 1478 suum
479 1439 889 1487 contradeteriorem
927 1440 1142 1480 lectionem
1179 1442 1231 1494 in.
1259 1454 1360 1490 usus
1399 1439 1557 1498 egregie
1592 1446 1774 1496 tueatur,
1817 1439 1870 1478 cf.
1910 1440 2079 1480 eundem

321 1509 362 1545 p.
382 1493 472 1541 126.
531 1492 617 1532 Sat.
642 1491 759 1531 XIII.
780 1492 834 1530 65
860 1492 969 1545 quod
997 1493 1230 1545 negavimus
1260 1493 1377 1532 nohis
1407 1508 1496 1531 eum
1518 1492 1756 1531 Heinrichio
1785 1491 2001 1530 convenire
2029 1493 2079 1537 de

320 1545 494 1584 lectione
523 1545 726 1582 mirandis
754 1558 828 1597 pro
857 1546 1046 1591 miranti,
1074 1559 1155 1583 non
1181 1544 1359 1584 melioris
1383 1551 1533 1585 tautum
1563 1544 1811 1583 recensionis
1840 1543 1970 1595 testis,
2007 1545 2079 1584 sed

320 1597 384 1636 vel
412 1596 623 1635 deterioris
653 1596 980 1649 antiquissimum
1007 1603 1310 1636 monumentum
1338 1603 1476 1636 nostro
1498 1596 1656 1649 judicio
1685 1596 1807 1647 favet,
1837 1602 1881 1635 ut
1908 1598 2082 1638 miranti

319 1649 418 1688 adeo
440 1649 643 1703 posterius
669 1649 829 1688 demum
850 1648 892 1687 in
914 1649 1017 1688 hane
1041 1648 1170 1703 ipsam
1191 1648 1702 1702 recensionem-irrepsisse
1725 1649 1927 1699 rideatur,
1956 1657 2079 1703 utque

318 1708 457 1754 arguta
494 1703 689 1753 eorrectio
718 1701 801 1749 sit,
841 1716 920 1753 qua
955 1702 1088 1754 ipsum
1126 1708 1297 1739 aratrum
1330 1717 1402 1754 per
1436 1701 1769 1754 prosopopoeiam
1804 1701 1938 1755 pisces
1973 1702 2080 1742 inter

318 1753 513 1792 arandum
549 1754 735 1792 inventos
773 1752 911 1792 mirari
947 1754 1143 1807 fingatur,
1183 1769 1263 1794 non
1292 1761 1423 1794 tamen
1453 1753 1561 1808 quod
1592 1753 1701 1793 verbi
1738 1769 1856 1793 eausa
1885 1754 2077 1794 Ovidium

317 1806 471 1856 deceat,
502 1813 570 1845 aut
597 1811 738 1858 poEtae
767 1806 878 1843 omni
906 1813 974 1843 aut
1000 1808 1090 1844 loeo
1120 1808 1331 1856 eonvenit3
1370 1807 1490 1844 immo
1520 1813 1558 1844 ct
1585 1805 1714 1858 ipsius
1742 1806 1952 1846 Juvenalis
1979 1813 2077 1847 tem·

315 1865 608 1910 peramentum,
639 1871 719 1912 quo
749 1857 792 1896 iu
819 1856 1024 1911 postremo
1053 1857 1224 1899 maxime
1251 1857 1355 1899 libro
1387 1858 1526 1911 utitur,
1557 1865 1596 1900 et
1624 1859 1844 1900 sententiae
1873 1860 1934 1900 vis
1964 1875 2076 1900 caco-

314 1910 437 1951 zelon
462 1912 705 1952 diorthotam
734 1911 889 1963 arguit,
927 1926 1029 1963 quae
1056 1912 1118 1950 vis
1147 1918 1228 1950 tota
1255 1913 1298 1949 in
1328 1927 1374 1951 eo
1395 1913 1600 1962 cernitur,
1638 1918 1681 1949 ut
1708 1920 1840 1950 rerum
1869 1927 1960 1951 eum
1988 1913 2076 1952 viro

314 1970 454 2002 saneto
486 1963 803 2016 comparatarum
835 1962 1123 2002 admirabilitas
1152 1963 1257 2003 nude
1286 1970 1325 2003 et
1351 1970 1484 2018 aperte
1512 1964 1601 2004 sine
1629 1964 1712 2003 ullo
1740 1960 2076 2005 verborum‘fueo

312 2021 381 2054 aut
409 2016 575 2069 ambage
604 2015 842 2055 declaretur.
899 2015 1035 2060 Etiam
1063 2015 1147 2055 Sat.
1166 2016 1280 2055 XIV.
1298 2019 1345 2055 ss
1374 2032 1458 2062 non
1486 2016 1749 2069 intelligimus
1779 2031 1850 2055 cur
1876 2014 2075 2057 nostrates

341 2083 473 2121 uoque
507 2082 648 2106 omnes
681 2082 732 2106 ne
760 2067 1001 2107 Heinriehio
1035 2068 1197 2121 quidem
1230 2070 1394 2122 excepto
1433 2069 1611 2108 certatim
1643 2083 1771 2121 puero
1799 2083 1874 2122 pro
1900 2083 2074 2123 puerum

310 2083 495 2160 ilcdcrint
520 2135 569 2159 ex
592 2120 744 2159 eisdem
766 2119 991 2171 codicibus,
1021 2135 1122 2174 quos
1145 2121 1265 2174 paulo
1287 2128 1376 2161 ante
1404 2138 1442 2162 v.
1458 2122 1485 2160 2
1512 2129 1549 2162 et
1571 2136 1720 2174 rugam
1739 2136 1814 2175 pro
1834 2122 2072 2170 haesuram,

271 2211 277 2216 ,
308 2173 403 2212 item
440 2189 480 2211 v.
504 2174 531 2211 G
566 2173 752 2213 concedit
786 2187 861 2225 pro
890 2175 1078 2213 concedet
1114 2188 1285 2226 moxque
1321 2190 1360 2213 v.
1379 2174 1433 2214 49
1467 2176 1637 2214 obsistat
1661 2181 1736 2227 ‘pro
1766 2175 1915 2224 obstet,
1958 2175 1997 2214 'v.
2019 2175 2071 2215 51

306 2227 644 2285 quandoquidem
666 2231 755 2279 'pro
793 2226 1065 2283 quandoque,
1110 2241 1149 2265 v.
1170 2227 1224 2265 52
1260 2234 1299 2267 et
1333 2241 1425 2266 cum
1460 2243 1534 2280 pro
1570 2233 1610 2266 et
1642 2229 1715 2284 qui
1749 2233 1824 2266 etc.
1863 2242 2076 2280 perperam

304 2279 496 2318 exhibere
515 2279 718 2327 viderunt,
741 2278 859 2330 quasi
878 2284 946 2326 aut
965 2280 1145 2317 transire
1164 2279 1292 2318 alicui
1310 2279 1560 2333 frequentius
1580 2279 1873 2332 dicaturquam
1893 2281 2074 2320 transire

304 2331 364 2370 ali
393 2345 504 2378 uem,
535 2336 604 2369 aut
625 2330 703 2370 hoc
726 2330 861 2383 ipsum
886 2344 969 2369 non
995 2329 1048 2369 sit
1076 2330 1104 2370 i.
1128 2346 1168 2384 q.
1195 2347 1217 2370 a
1241 2337 1352 2384 tergo
1374 2333 1602 2386 relinquere
1633 2331 1724 2384 (III.
1745 2331 1845 2381 1143
1862 2331 1947 2370 .v1.
1966 2333 2070 2382 8023

305 2384 361 2421 VI
388 2414 396 2422 .
421 2384 528 2434 1903
563 2383 620 2421 X.
640 2383 756 2436 273),
795 2390 839 2420 ut
866 2382 1142 2434 nihil'eausae
1171 2383 1238 2433 sit',
1275 2398 1347 2423 eur
1374 2399 1459 2426 non
1484 2397 1614 2423 annus
1642 2397 1802 2437 quoque
1830 2398 1998 2437 puerum
2026 2384 2069 2423 in

301 2540 401 2570 verba
427 2541 497 2571 Sat.
526 2540 553 2571 1.
580 2538 661 2570 ¹67:
698 2538 802 2569 tacita
824 2536 950 2569 sudant
970 2525 1171 2580 praecordia
1196 2532 1315 2580 culpa,
1334 2545 1456 2578 'neque
1480 2537 1610 2568 alienus
1633 2537 1709 2568 vn.
1734 2537 1815 2568 159:
1845 2537 2007 2579 laevaque
2033 2539 2068 2567 in

295 2590 396 2626 parte
418 2585 590 2615 'numillae
613 2583 666 2614 nil
694 2583 778 2613 salit
800 2582 969 2612 Arcadico
991 2581 1136 2625 juveni,
1172 2582 1259 2611 unde
1284 2591 1325 2610 ne
1350 2585 1464 2611 nostro
1491 2581 1627 2624 quidem
1650 2581 1725 2613 loco
1750 2580 1918 2613 mamillas
1940 2581 1982 2612 ad
2005 2581 2066 2613 im-

297 2628 496 2670 pudicitiam
522 2627 719 2660 referendas
745 2636 816 2658 esse
840 2629 954 2669 patet;
983 2627 1091 2658 siccn'e
1114 2624 1239 2663 autem,
1264 2630 1302 2656 ut
1325 2625 1551 2663 diximus‚'·ad
1574 2627 1751 2669 anxietatis
1777 2631 1809 2657 et
1826 2626 2066 2668 trepidationis

296 2673 482 2709 absentiam
514 2677 691 2715 spectant,
729 2683 815 2713 quae
847 2671 938 2701 haud
968 2682 1044 2701 raro
1076 2672 1198 2701 sudore
1229 2671 1464 2710 declarantur,
1500 2674 1537 2700 ut
1566 2670 1759 2710 cic..F3m.
1788 2669 1851 2699 lll.
1883 2669 1940 2699 12:
1974 2669 2067 2700 vides

295 2717 419 2747 sudare
442 2729 491 2747 me
505 2716 715 2760 jamdudum
740 2716 969 2755 laborantem,
1005 2714 1147 2755 putiau.
1175 2715 1215 2745 de
1245 2714 1342 2756 lapsu
1374 2723 1404 2744 c.
1427 2712 1462 2743 l:
1496 2709 1555 2753 ἐγώ
1584 2715 1639 2751 μὶν
1670 2712 1724 2745 οὖν
1751 2715 1800 2745 ἐπὶ
1832 2714 1935 2755 τούτῳ
1965 2711 2065 2748 εὐθύς

296 2758 377 2791 ἴδιόν
406 2773 438 2791 τε
470 2764 522 2792 καὶ
554 2759 722 2804 ἠρυθρίων
749 2763 803 2791 καὶ
826 2766 978 2794 παντοῖος
1001 2757 1038 2800 ἠν
1061 2755 1114 2790 zin'
1137 2756 1290 2800 ἀπορίας,
1324 2758 1452 2797 Nigrin.
1487 2767 1517 2787 c.
1536 2757 1576 2788 35
1606 2761 1670 2788 etc.
