2271 2949
985 166 1345 211 —5-

286 299 472 339 novimus
491 300 550 353 3),
598 314 718 340 causa
746 307 876 340 autem
904 303 1153 356 corruptelae
1181 317 1230 355 ap
1262 309 1346 341 aret
1374 301 1416 340 in
1446 301 1676 354 synaeresi,
1718 316 1839 355 quam
1867 301 1939 355 qui
1968 316 2049 341 non

286 352 575 404 intellexisset,
645 367 690 392 ro
724 353 857 393 Junio
893 369 1042 395 nomen
1080 355 1203 408 disyll
1257 369 1323 393 um
1360 352 1564 408 quaesivit
1601 353 1741 393 eodem
1781 353 1927 404 modo,
1971 368 2050 408 qno

287 404 371 445 Sat.
402 405 476 444 VI.
505 406 560 444 82
593 368 758 459 pli-‘urim
786 407 945 446 codices
976 408 1134 447 ludium
1162 407 1205 445 in
1235 408 1380 446 ludum
1417 412 1457 445 et
1485 404 1571 444 Sat.
1602 406 1697 444 Vll.
1727 408 1781 445 (ἔ)
1816 408 1974 446 deesset
2008 406 2050 445 in

287 458 390 496 desit
426 457 606 509 ejusdem
641 457 827 498 licentiae
863 459 1091 512 ignorantia
1126 466 1322 499 mutatum
1358 460 1547 499 offerunt.
1613 458 1757 512 Neque
1794 459 1901 498 inter
1937 459 2051 512 ipsos

286 510 397 549 illius
434 511 574 550 aetatis
611 510 788 551 eruditos
824 511 951 565 magis
987 527 1107 566 quam
1143 512 1250 552 inter
1285 519 1447 552 nostros
1475 510 1525 551 de
1553 511 1666 550 omni
1702 511 1877 551 lectione
1905 525 2052 551 conve·

286 562 413 615 nisse,
441 570 599 617 praeter
625 563 703 603 alia
726 563 960 604 varietatum
983 564 1168 619 vestigia,
1197 579 1299 619 quae
1322 564 1421 604 editi
1444 578 1570 618 quum
1592 563 1765 603 aliorum
1789 568 1998 618 poetarum
2014 564 2049 617 ⁹)

286 623 371 655 tum
396 616 607 657 Juvenalis
641 617 880 670 interpretes
908 618 1098 657 exhibent
1116 617 1192 670 1⁰),
1233 618 1276 656 in
1310 617 1400 671 ipsa
1434 617 1558 670 palim
1590 617 1691 656 sesti
1721 617 1905 671 margine
1934 617 2052 656 docet

286 668 463 708 notabile
492 668 677 708 scholion
706 669 755 708 ad
783 669 868 708 Sat.
890 669 988 709 XV.
1008 671 1061 722 5,
1096 670 1166 709 ubi
1194 685 1318 724 quum
1346 670 1474 709 codex
1502 670 1549 709 iti
1580 684 1643 709 em
1673 669 1937 724 singulariter
1964 683 2050 709 cor·

286 727 443 774 ruptam
470 721 684 760 lectionem
711 722 936 774 praeferat:

605 774 772 813 dimidio
799 776 982 829 magicae
1008 782 1203 815 resonant
1227 775 1301 814 ubi
1324 775 1552 814 Memnona
1579 774 1774 823 chordae,

286 840 369 865 non
398 826 565 865 fortuito
593 826 789 878 scriptum
819 840 909 866 esse
929 828 1155 867 ,Memnona
1181 842 1254 880 pro
1273 828 1494 866 Memnone
1521 834 1636 865 vetus
1671 826 1879 865 annotatio
1912 833 2047 864 osten-

288 878 370 916 dit:
422 879 591 935 quidam
612 878 887 917 dimidium
907 893 992 917 non
1014 880 1231 918 dimidio
1260 879 1400 932 legunt
1428 880 1484 917 ad
1499 880 1776 918 Memnona
1804 879 2045 930 referentes.

393 930 599 980 Quorsum
626 937 757 969 autem
784 931 882 970 haec
910 931 1044 970 omnia
1072 931 1383 984 disputavimus,
1421 930 1731 971 commilitones
1761 929 2046 970 ornatissimi?

287 982 442 1035 Nempe
471 989 515 1021 ut
547 982 679 1035 ipsius
706 982 916 1022 Juvenalis
950 983 1292 1037 interpretationi,
1332 998 1449 1037 quam
1477 983 1584 1022 inter
1610 985 1688 1023 alia
1725 983 1900 1045 plurima
1928 983 2046 1021 indu·

289 1034 410 1073 striae
437 1041 593 1073 vestrae
621 1034 802 1073 subsidia
837 1034 879 1073 in
914 1035 1136 1087 proximam
1163 1042 1351 1074 aestatem
1379 1035 1693 1086 destinavimus,
1731 1043 1787 1073 ita
1813 1034 2046 1087 proludere-

288 1102 402 1138 mus,
441 1094 485 1126 ut
513 1087 549 1126 si
577 1087 648 1141 qui
675 1094 852 1127 vestrum
886 1087 957 1127 illa
991 1094 1128 1128 nostra
1155 1103 1275 1142 opera
1311 1088 1370 1128 uti
1405 1087 1576 1140 vellent,
1616 1088 1660 1128 hi
1689 1087 1823 1127 statim
1852 1101 1875 1126 a
1903 1086 2045 1126 limine

288 1139 534 1194 incorruptis
564 1139 735 1193 judiciis
769 1139 820 1178 ad
853 1140 1035 1180 codicum
1067 1141 1260 1181 lectiones
1291 1140 1575 1180 existimandas
1604 1140 1865 1189 accederent,
1908 1153 2042 1193 neque

289 1198 357 1230 aut
383 1206 550 1231 numero
578 1199 646 1230 aut
671 1198 866 1231 vetustate
893 1199 961 1230 aut
987 1193 1121 1246 aliqua
1149 1193 1441 1246 probabilitatis
1479 1194 1614 1245 specie
1647 1199 1808 1246 praeter
1839 1193 2043 1231 internam

289 1243 541 1298 singulorum
567 1244 763 1283 librorum
788 1244 1072 1297 praestantiam
1095 1245 1145 1285 ad
1165 1245 1460 1285 decernendum
1479 1251 1702 1296 uterentur,
1731 1243 1881 1298 quihus
1905 1242 2044 1284 lectio·

289 1297 410 1335 nibus
439 1297 482 1335 in
511 1296 696 1350 ambigua
722 1303 1071 1337 monumentorum
1097 1297 1174 1337 fide
1201 1297 1330 1349 majus
1364 1297 1524 1351 pondus
1557 1297 1799 1350 graviorque
1827 1296 2045 1336 auctoritas

287 1349 413 1389 tribui
440 1349 595 1389 debeat.
651 1349 793 1403 Neque
821 1348 928 1389 enim
955 1350 1082 1390 ullum
1109 1350 1288 1390 codicem
1316 1356 1471 1389 exstare
1499 1349 1661 1401 videtis,
1695 1349 1766 1404 qui
1794 1348 2047 1411 corruptelae

290 1408 458 1442 aetatem
493 1401 723 1453 antecedat,
758 1416 889 1456 neque
926 1402 971 1441 in
1005 1408 1113 1441 tanta
1146 1402 1268 1454 hujus
1305 1402 1540 1465 antiquitate
1576 1409 1728 1441 eertum
1757 1408 1819 1440 est
1852 1415 2047 1463 maJorem

291 1454 476 1494 codicum
508 1469 717 1493 numerum
745 1470 795 1494 ex
820 1455 985 1493 meliore
1019 1455 1256 1494 recensione
1290 1455 1516 1517 prodiisse,
1555 1455 1678 1494 immo
1706 1469 1787 1507 quo
1817 1452 2046 1507 speciosius

288 1507 376 1546 sive
410 1507 460 1546 ad
492 1506 746 1559 intelligendi
780 1507 1009 1547 facultatem
1036 1507 1122 1549 sive
1149 1507 1199 1547 ad
1227 1514 1448 1560 scripturae
1476 1506 1714 1561 elegantiam
1742 1505 1949 1560 exemplar
1975 1504 2047 1545 ali·

291 1559 401 1614 quod
436 1559 668 1611 videbatur,
711 1574 758 1599 co
792 1559 930 1614 plures
965 1560 1068 1599 illud
1103 1559 1219 1614 sequi
1255 1565 1570 1599 consentaneum
1606 1566 1712 1610 erat,
1753 1560 1875 1598 etiam
1904 1558 1941 1596 si
1969 1558 2047 1596 alia

291 1618 507 1663 exstarent,
537 1626 637 1665 quac
665 1612 816 1663 majore
843 1626 934 1650 cum
955 1613 1164 1664 diligentia
1185 1619 1253 1649 aut
1273 1612 1470 1663 religione
1497 1611 1626 1663 ipsam
1650 1611 1860 1664 scriptoris
1883 1625 2047 1650 manum

288 1670 634 1725 repraesentarent
653 1663 732 1716 11),
761 1663 898 1704 eadem
929 1678 978 1704 ue
1003 1679 1070 1704 res
1097 1663 1389 1705 recentioribus
1416 1662 1637 1704 editoribus
1665 1663 1773 1703 haud
1796 1676 1887 1704 raro
1913 1660 2048 1702 fraudi

289 1717 391 1767 fuit,
431 1723 475 1755 ut
502 1716 620 1755 etiam
657 1716 693 1755 si
720 1717 818 1770 qui·
855 1730 907 1755 on
937 1729 1047 1756 erare
1082 1716 1270 1769 suffragia
1297 1730 1416 1769 quam
1443 1730 1652 1755 numerare
1679 1716 1868 1766 mallent,
1908 1715 2048 1767 singu·

288 1769 416 1809 larum
443 1768 662 1808 lectionum
696 1730 976 1822 probabilitate
1005 1769 1162 1823 decepti
1189 1783 1258 1808 eos
1287 1775 1410 1808 testes
1440 1775 1726 1823 sequerentur,
1766 1782 1869 1822 quos
1899 1767 1935 1806 si
1964 1781 2046 1806 non

377 1893 411 1933 8)
435 1893 524 1925 Huic
553 1894 640 1924 enim
669 1903 756 1924 anno
779 1892 925 1923 Juneum
955 1891 1126 1922 consulem
1158 1890 1332 1921 suffectum
1360 1891 1510 1922 vindicat
1541 1891 1657 1922 tabula
1687 1891 1847 1922 honestae
1879 1893 2050 1923 missionis

292 1938 381 1969 edita
410 1938 446 1967 in
470 1937 631 1968 Memorie
662 1938 752 1968 della
776 1937 818 1967 R.
837 1936 1036 1967 Aecademia
1067 1936 1102 1966 di
1125 1935 1248 1966 Torino
1281 1935 1320 1965 T.
1343 1935 1497 1973 xxxix,
1530 1947 1565 1977 p.
1590 1935 1729 1973 1-14,
1764 1940 1798 1968 et
1829 1936 1999 1968 illustrata
2031 1948 2050 1967 a

292 1982 464 2013 Cardinali
487 1983 521 2013 in
546 1983 617 2013 Atti
640 1981 719 2013 ‹len'
743 1981 864 2012 Acead.
890 1980 1039 2011 Romana
1063 1978 1261 2011 d'Archeol.
1293 1979 1334 2009 T.
1350 1979 1417 2017 vi,
1449 1991 1485 2021 p.
1500 1979 1560 2012 231
1590 1990 1688 2022 sqq.;
1722 1981 1780 2011 sed
1803 1991 1912 2023 neque
1937 1992 1956 2011 a
1979 1982 2049 2012 snr-

292 2027 382 2058 fecto
411 2027 491 2057 anni
521 2031 634 2058 notam
660 2029 773 2068 petere
795 2025 993 2056 Juvenalem
1021 2027 1281 2055 consentaneum
1309 2028 1400 2061 erat,
1434 2034 1543 2066 neque
1567 2023 1656 2055 hunc
1679 2025 1790 2066 ipsum
1813 2024 1977 2056 credibile
2001 2030 2053 2056 est

293 2072 335 2101 ad
359 2071 456 2101 illum
481 2082 586 2112 usque
611 2082 734 2101 annum
758 2070 858 2099 vitam
882 2069 1035 2105 dnxisse3
1064 2068 1111 2098 cf.
1130 2067 1280 2098 Francke
1304 2068 1345 2098 de
1368 2067 1492 2099 Juven.
1510 2069 1578 2100 vita
1602 2080 1637 2110 p.
1655 2067 1716 2099 134
1741 2073 1774 2100 et
1798 2068 1840 2100 G.
1860 2069 1899 2099 E.
1915 2069 2051 2101 Weberi

293 2120 435 2189 2¹:5⁸3:ss
456 2126 607 2190 ξ’ἰῗωὲἒε·
620 2112 982 2190 Γῇἒοῡῇιωῖὶέἂ
1007 2111 1741 2199 {55225532221522-322¹;.R·².‘3..⁸‘¹‘¹1·.1.-...
1772 2112 1912 2199 ,2232‘251
1929 2112 2051 2187 &aa

296 2202 360 2233 614
383 2203 573 2245 complures
596 2213 710 2234 versus
733 2202 848 2237 addit,
880 2210 1022 2242 quorum
1047 2200 1250 2242 posteriores
1273 2203 1340 2231 tres
1365 2211 1386 2230 a
1408 2199 1520 2231 Probo
1544 2200 1665 2243 referri
1686 2201 1752 2231 ait:

645 2257 772 2289 semper
794 2256 917 2289 aquam
937 2248 1052 2288 portes
1073 2245 1196 2275 rimosa
1225 2243 1271 2274 ad
1294 2243 1409 2280 dolia,
1441 2255 1567 2287 semper

647 2291 739 2322 istud
761 2302 845 2322 onus
866 2290 987 2320 subeas
1009 2290 1092 2332 ipsis
1114 2289 1330 2319 manantibus
1355 2289 1462 2325 arnis,

648 2334 740 2380 qaod
759 2332 901 2366 rabidas
922 2339 1034 2365 ’rostro
1058 2332 1225 2364 Phalarin
1250 2331 1291 2363 de
1312 2344 1391 2376 rege
1412 2332 1547 2369 dedisti,

297 2380 518 2422 similiterque
543 2381 587 2411 acl
609 2379 714 2410 v.631
742 2379 826 2410 duos
846 2378 1026 2410 versiculos
1047 2379 1145 2420 sequi
1160 2381 1312 2415 annotat,
1336 2378 1398 2420 qui
1417 2378 1454 2409 in
1476 2377 1557 2409 aliis
1579 2388 1646 2408 non
1669 2378 1749 2414 sint,
1773 2377 1861 2418 apud
1879 2385 1939 2406 nos
1956 2378 2055 2411 suun

297 2434 398 2466 porro
421 2425 465 2456 ad
486 2423 582 2455 vlu.
602 2423 663 2455 167
689 2424 903 2459 varietatem,
934 2433 1000 2465 qua
1022 2423 1130 2453 nostri
1152 2423 1286 2454 codices
1309 2422 1432 2453 diversi
1456 2421 1602 2459 abeunt,
1631 2421 1820 2459 Lateranus
1840 2421 1909 2451 sive
1933 2419 2057 2449 Dane-

297 2469 435 2510 st'ppus,
462 2468 537 2510 jam
559 2469 672 2507 novit,
708 2473 742 2500 et
764 2469 808 2499 ad
831 2468 872 2498 X.
897 2466 936 2497 59
963 2468 1036 2509 ipse
1067 2467 1158 2498 inter
1184 2467 1266 2497 duas
1298 2466 1462 2498 lectiones
1490 2465 1668 2507 ambiguus
1691 2465 1823 2496 haeret:
1857 2465 1888 2494 si
1913 2464 2057 2499 intaeta,

298 2522 407 2548 nova,
439 2514 471 2542 εἰ
497 2513 665 2555 impacta,
694 2523 853 2555 pereussa
884 2511 927 2541 ab
959 2522 995 2541 eo
1027 2509 1120 2554 qubd
1149 2517 1197 2541 est
1226 2512 1397 2554 impin-‘1⁰3
1415 2511 1511 2541 ite·
1540 2512 1582 2541 ad
1610 2510 1687 2540 x11.
1708 2509 1767 2540 732
1800 2513 1859 2539 aut
1889 2508 2060 2543 mirabile,

301 2557 382 2598 quia
418 2556 560 2600 triginta
586 2555 678 2599 fetas
709 2556 850 2592 habuit,
891 2560 954 2586 aut
984 2554 1194 2590 miserabile,
1237 2553 1328 2598 qnod
1356 2555 1547 2586 miseratum
1580 2554 1625 2585 sit
1655 2552 1869 2596 Phrygibuu
1913 2552 2061 2594 denique

299 2599 391 2631 xvl.
412 2599 455 2630 23
485 2601 528 2631 ad
554 2600 683 2632 mulino
713 2600 811 2632 corde
837 2602 998 2636 annotat,
1031 2599 1123 2641 qnod
1151 2603 1341 2630 nostrorum
1365 2609 1499 2641 quoque
1529 2599 1682 2630 codicum
1711 2596 1848 2638 plurimi
1880 2596 2058 2627 exhibent:

302 2645 338 2674 in
368 2643 438 2675 alio
467 2644 681 2677 Mutinensis.
705 2662 747 2668 -—
821 2643 876 2681 1¹)
908 2643 1208 2686 Splendidissimos
1240 2642 1375 2674 codices
1406 2642 1497 2674 haud
1526 2652 1601 2673 raro
1636 2640 1908 2672 mendosissimus
1941 2640 2062 2676 fnisse,

302 2688 364 2731 qai
385 2700 406 2719 a
428 2689 530 2720 servis
551 2689 785 2721 scribebantur
806 2687 938 2719 nullius
960 2686 1133 2719 doetrinae
1154 2691 1388 2729 praeterquam
1415 2685 1665 2730 ealliqrapbiae
1683 2685 1822 2728 peritis,
1852 2685 1925 2728 ipse
1948 2683 2063 2727 Maius

303 2736 442 2764 annotat
464 2733 490 2764 l.
510 2743 540 2765 c.
569 2744 605 2776 p.
621 2745 696 2772 xix,
729 2734 776 2766 cf.
802 2731 965 2763 Hauthal.
989 2732 1032 2763 ad
1056 2731 1206 2762 Persium
1235 2741 1271 2772 p.
1288 2730 1365 2760 456.
