2271 2949
951 217 1020 222 -.
1096 184 1307 258 15.-

255 320 446 376 te'mporis
462 322 645 364 'decursu
661 330 713 363 ,et
741 322 836 376 fuga
864 324 1034 363 transire
1058 325 1238 376 dicatur,
1274 339 1407 388 neque
1428 322 1546 363 aliter
1568 323 1780 363 statuimus
1803 322 1854 362 de
1878 322 2019 364 limine

254 391 328 430 pro
365 376 492 417 limite
522 376 618 416 XV.
641 376 742 428 154,
792 377 902 431 quod
938 393 989 417 ne
1025 378 1234 418 deterioris
1272 378 1435 433 quidem
1472 376 1723 416 recensionis
1761 375 2019 430 antesignani

255 436 492 482 agnoscunt,
532 436 575 469 ut
601 443 767 483 prorsus
795 431 994 470 novellam
1022 437 1287 470 correcturam
1302 430 1508 480 ‘redoleat,
1538 443 1614 469 nec
1642 429 1825 483 quamvis
1860 429 2018 483 specio-

255 495 344 520 sum
372 488 439 521 aut
464 482 736 523 necessarium
759 489 827 521 aut
849 482 947 523 adeo
972 482 1287 522 commendabile
1311 482 1529 533 videbitur,
1559 481 1631 520 ubi
1659 481 2016 535 recogitaverimus

253 538 411 587 potitam
438 534 526 575 data
555 549 677 589 opera
704 534 753 575 de
781 535 840 575 eis
869 535 1065 575 institutis
1093 535 1222 590 loqui,
1251 536 1399 590 quibus
1426 536 1603 575 humana
1629 534 1801 575 societas
1824 533 1875 573 ad
1886 533 2016 587 'justi-

255 587 349 625 tiam
385 594 425 626 et
461 587 783 627 communionem
819 587 978 627 civilem
1014 595 1230 641 temperata
1267 590 1345 638 sit,
1393 603 1475 642 quo
1513 588 1662 627 limina
1698 587 1859 626 aedium
1896 602 2016 628 nemo

253 653 430 693 unquam
464 639 623 690 retulit,
665 639 811 680 limites
845 646 976 679 autem
1012 640 1118 679 intei-
1149 640 1468 694 prae'clarissima
1505 633 1686 679 cu‘lturae
1722 640 1841 694 signa
1876 653 2015 679 nume-

253 699 423 744 rantur..
462 693 650 746 Denique
678 691 762 731 Sat.
792 692 908 731 XVI.
930 693 993 732 42*
1010 693 1075 733 vel
1104 692 1232 745 invito
1261 693 1402 734 Servio
1431 693 1481 733 ad
1508 693 1684 733 Aeneid.
1715 692 1771 732 II.
1793 691 1877 731 102
1910 691 2016 731 indi-

254 744 427 798 cativum
453 745 621 784 inchoat
648 749 820 796 tuemur,
848 745 943 799 quia
970 746 1019 784 de
1047 751 1154 785 certo
1182 752 1222 785 et
1245 753 1346 785 stato
1368 746 1500 785 litium
1521 752 1712 798 tempore
1725 745 1876 799 agitur,
1905 744 2018 798 quod

253 797 348 849 quia
374 797 466 837 lites
495 797 657 837 inchoat
679 797 990 850 exspectandum
1013 804 1089 850 est,
1117 812 1199 837 non
1223 813 1270 839 eo
1293 798 1465 839 consilio
1488 804 1743 853 exspectatur
1765 804 1810 837 ut
1832 797 2012 838 inchoet.

383 850 663 899 Absolvimus,
683 848 1005 900 commilitones,
1027 864 1236 889 recensum
1256 851 1622 904 iusignissimarum
1642 851 1895 901 varietatum,
1925 851 2015 904 qui·

199 927 207 936 .
252 901 328 940 bus
371 901 471 942 duae
514 901 723 951 satirarum
763 901 972 942 Juvenalis
1013 902 1269 942 recensiones
1309 903 1414 943 inte'r
1452 917 1495 942 se
1536 903 1793 956 discrepant,
1841 916 2013 956 quarum

252 953 470 993 lectionum
497 954 581 994 fere
609 954 789 993 omnium
816 969 903 993 eam
936 955 1130 994 rationem
1150 969 1264 995 csse.
1281 955 1531 1008 intelligitis,
1572 962 1617 994 ut
1644 968 1746 1009 quae
1775 955 1874 1007 ejusv
1895 955 2012 994 fami-

252 1005 353 1055 liae,
392 1010 511 1058 q‘uam
538 1006 653 1044 litera
680 1005 722 1043 X
748 1006 830 1044 iusi
861 1005 1057 1056 univimus,
1100 1013 1167 1044 aut
1194 1008 1379 1045 omnibus
1394 1013 1475 1053 >aut
1501 1008 1708 1060 plerisque
1730 1007 1860 1053 ‚libris
1890 1021 2012 1059 pecu-

252 1056 404 1096 liariter
431 1058 686 1108 adhaereant,
710 1064 790 1098 ,aut
817 1072 839 1097 a
894 1057 1079 1097 omnibus
1108 1058 1343 1110 editoribus,
1380 1065 1448 1098 aut
1475 1074 1497 1098 a
1524 1059 1712 1113 plurimis
1740 1060 1903 1110 horum,
1943 1065 2012 1097 aut

252 1109 302 1148 ab
330 1110 389 1149 eis
407 1110 588 1162 'rejectae
616 1110 912 1172 sint,‘quorum
940 1111 1180 1149 maxima⁶in
1209 1112 1284 1163 hoc
1312 1124 1457 1164 genere
1485 1112 1700 1160 auctoritas
1730 1126 1821 1151 csse
1849 1111 2009 1160 debeat,

253 1162 339 1212 sive
366 1163 441 1202 hos
469 1176 630 1217 quoque
659 1177 840 1217 speciosa
871 1162 985 1216 pelle.
1005 1162 1256 1217 deceperint,
1297 1163 1415 1203 ctiam
1443 1164 1486 1202 in
1514 1164 1662 1203 talibus
1699 1176 1813 1204 exem
1843 1163 1906 1203 lis·
1956 1164 2011 1202 le-

252 1229 420 1268 tumque
447 1215 610 1254 alterius
637 1217 714 1254 hoc
739 1222 804 1255 cst
820 1215 1063 1254 Pithoeanac
1091 1217 1338 1255 recensionis
1362 1216 1647 1269 praestantiam
1667 1215 1775 1255 hau'd
1825 1216 1932 1255 1fficu
1950 1222 2012 1254 ter

252 1267 517 1307 demonstrari
550 1282 695 1321 posse,
735 1282 836 1322 quae
870 1282 993 1321 quum
1029 1267 1083 1307 ita
1117 1268 1221 1319 siut,
1259 1269 1362 1307 mira
1392 1269 1573 1322 profecto
1608 1283 1653 1308 ac
1681 1284 1775 1309 vere
1811 1268 2010 1359 εἰιιΐίὲιτί

253 1320 414 1358 fortuna
446 1321 654 1359 Juvenalis
689 1335 786 1358 usus
823 1326 906 1369 cst,
951 1321 1067 1371 cujus
1105 1320 1247 1358 satirae
1289 1336 1412 1373 quum
1457 1328 1516 1359 tot
1557 1322 1854 1373 exemplaribus
1956 1320 2009 1358 tis

252 1369 477 1425 divulgatae
516 1372 618 1424 sint,
657 1379 789 1412 tamen
821 1386 866 1411 ea
896 1371 1154 1425 potissimum
1188 1372 1310 1412 editio
1338 1372 1382 1411 in
1409 1372 1592 1426 vulgatae
1620 1372 1858 1427 dignitatem
1892 1371 2009 1423 abiit,
2052 1392 2058 1397 ·

250 1438 353 1476 quac
373 1426 457 1463 fere
479 1426 565 1464 solo
587 1426 657 1479 qui
685 1431 857 1464 exstaret
884 1424 1060 1463 melioris
1089 1425 1337 1463 recensionis
1365 1432 1466 1464 teste
1493 1426 1701 1464 niteretur.
1759 1426 1862 1464 Nam
1882 1439 2008 1478 quum

252 1490 298 1514 ea
331 1476 541 1516 verborum
577 1476 834 1528 constitutio,
876 1490 977 1529 quae
1011 1482 1175 1529 propter
1210 1477 1473 1529 plurimorum
1508 1477 1706 1516 editorum
1741 1477 2009 1516 imitationem
2054 1512 2057 1515 ,

251 1527 410 1581 vulgata
438 1528 518 1567 dici
547 1529 670 1579 solet,
710 1529 753 1570 in
780 1527 984 1582 plerisque
1012 1529 1275 1581 scriptoribus
1304 1529 1365 1568 ori
1396 1529 1509 1568 inem*
1529 1529 1673 1568 habeat
1699 1529 1887 1582 protinus
1915 1542 2008 1582 pro·

251 1581 443 1620 misenam
478 1596 579 1635 eque
610 1588 669 1621 tot
688 1580 999 1623 ‘diversissimae
1031 1580 1125 1621 fidei
1158 1544 1451 1634 exemplariffius
1486 1581 1652 1621 fortuito
1689 1581 1901 1621 conflatam
1915 1611 1927 1632 ,
1964 1587 2009 1619 ut

251 1632 321 1684 qui
350 1647 437 1670 eam
461 1634 579 1671 etiam
599 1648 707 1672 nunc
728 1647 802 1695 pro
826 1633 1086 1684 fundamento
1107 1648 1258 1685 ponere
1281 1634 1453 1683 audeat,·
1467 1649 1550 1673 non
1570 1634 1753 1686 religiosi
1774 1634 1847 1672 sed
1869 1648 2008 1686 super-

251 1683 401 1723 stitiosi
422 1699 473 1725 ne
494 1684 623 1724 dicam
646 1700 754 1726 caec1
775 1683 951 1724 hominis
972 1684 1101 1724 instar
1122 1699 1143 1724 a
1173 1684 1298 1739 at19),
1327 1685 1470 1724 Petrus
1490 1685 1700 1735 Pithoeus,
1730 1685 1848 1738 cujus
1872 1691 2009 1725 aucto-

249 1736 347 1772 ritas
396 1751 440 1774 cr
457 1738 536 1775 duo
552 1738 635 1775 fere
652 1738 811 1775 saecula
826 1751 953 1788 paene
971 1738 1057 1775 sola
1075 1739 1124 1775 in‘
1162 1738 1542 1789 uvenale·regnavit,
1570 1738 1614 1775 in
1632 1738 1810 1786 editione
1821 1735 2009 1776 Parisina

251 1802 272 1827 a
307 1750 411 1829 1555
439 1794 478 1830 et
504 1787 700 1843 optimum
727 1787 905 1830 codicem
931 1787 1176 1842 Budensem,
1205 1788 1277 1845 qui
1304 1788 1401 1829 olim
1422 1788 1466 1829 in
1479 1788 1680 1843 Matthiae
1700 1789 1872 1830 Corvini
1892 1788 2010 1830 Hun-

250 1841 383 1892 gariae
417 1842 524 1894 regis
557 1843 801 1881 bibliotheca
834 1842 964 1881 fuerat
979 1843 1060 1894 ²⁰),
1099 1857 1179 1880 uua
1195 1858 1298 1895 ‘cum
1327 1843 1493 1881 scholiis
1525 1844 1567 1882 iu
1597 1843 1738 1882 e'odem
1771 1843 2010 1904 plenissime

251 1892 499 1943 exstantibus
515 1893 571 1948 21)
601 1893 804 1945 adhibuit,
844 1900 884 1933 et
915 1908 1004 1933 rara
1037 1894 1119 1934 illis
1134 1893 1393 1948 'temporibus
1423 1894 1611 1934 cautione
1638 1908 1684 1933 ac
1713 1894 1923 1947 diligentia
1952 1895 2010 1939 ita

252 1945 391 1984 eodem
417 1960 515 1984 usus
543 1953 624 1998 est,
666 1953 712 1985 ut
744 1971 791 1976 -—
811 1946 951 2000 ,ipsius
979 1947 1113 1986 verbis
1141 1947 1291 1986 utimur
1318 1970 1370 1976 —-
1407 1949 1516 1987 inter
1549 1948 1674 1999 plura
1701 1950 1905 2004 variaque
1934 1961 2011 1986 nec

252 1999 569 2040 contemnendae
604 2001 818 2048 vetustatis,
853 1998 1132 2052 exemplaria,
1182 2013 1284 2052 quae
1322 1998 1385 2055 illi
1423 2006 1583 2053 praesto
1621 2006 1734 2038 crant
1752 1999 1833 2052 ²²),
1881 2001 2010 2038 unius

345 2135 399 2176 29)
424 2136 479 2167 Cf·
503 2136 610 2167 Lectt.
635 2137 831 2173 Persianae,
862 2134 971 2167 Μαι-1).
994 2135 1099 2173 ¹842,
1131 2135 1230 2177 Spec.
1252 2135 1281 2171 l,
1304 2147 1338 2177 p.
1356 2135 1386 2165 3.
1409 2154 1451 2159 —-
1504 2134 1562 2174 20)
1587 2135 1640 2166 Cf.
1665 2135 1737 2166 dul.
1759 2135 1876 2176 Pflugk
1908 2135 2010 2176 epist.

253 2181 294 2210 de
318 2181 398 2211 fatis
421 2180 507 2211 bibl:
533 2181 711 2217 Budensis,
735 2181 851 2211 vitel».
872 2180 969 2210 1688.
989 2181 1029 2217 4;
1062 2181 1099 2211 P.
1121 2175 1222 2210 Fabri
1245 2181 1287 2210 de
1313 2180 1458 2210 Budensi
1481 2179 1702 2216 bibliotheca,
1736 2179 1831 2221 Lips.
1854 2178 1951 2218 1756.
1972 2178 2010 2214 Δίς

254 2225 292 2254 Ρ.
317 2224 516 2266 Wallaczky
548 2228 718 2255 tentameu
750 2224 830 2254 hist.
862 2225 990 2254 literar.
1024 2223 1085 2253 sub
1117 2234 1195 2264 rege
1227 2223 1390 2253 Matthiae
1424 2224 1570 2253 Corvino
1603 2223 1638 2252 in
1676 2223 1872 2263 flung-ria,
1912 2221 2008 2262 Lips-

256 2267 352 2301 1769.
381 2269 419 2306 43
454 2269 494 2299 F.
519 2269 559 2299 X.
587 2268 712 2300 schier·
736 2269 777 2299 de
809 2268 906 2299 bibl:
924 2268 1085 2299 Budeusis
1116 2272 1227 2304 ortu,'
1246 2268 1363 2309 lapsu,
1395 2267 1557 2304 interitu,
1592 2272 1625 2298 et
1653 2267 1828 2309 reliqniis,
1860 2264 2007 2297 vindob.

255 2311 353 2342 1799.
370 2311 405 2348 8;
431 2312 569 2343 Wiene'r
589 2312 733 2348 Jahrbb.
749 2313 783 2342 d.
800 2309 969 2342 Lites-atur
988 2311 1087 2347 1839,
1108 2312 1149 2341 T.
1163 2311 1379 2348 Lxxxwu,
1405 2314 1485 2341 Anz.
1503 2312 1556 2341 Bt.
1581 2322 1617 2352 p.
1630 2310 1684 2343 37.
1703 2329 1745 2333 —
1791 2311 1849 2349 21)
1871 2308 2010 2340 Manent

196 2374 202 2380 ·
253 2355 341 2386 enim
361 2355 434 2398 jam
459 2355 623 2398 Georgius
646 2356 742 2387 vana
768 2356 954 2392 inseruerat
980 2355 1218 2387 commentario
1242 2365 1302 2386 suo
1326 2355 1361 2386 in
1383 2354 1559 2386 Juvenalis
1585 2355 1726 2391 satin-n,
1758 2354 1877 2385 Venet.
1897 2351 2007 2390 ³⁴86.

216 2440 221 2443 ⁵
253 2399 395 2432 Exstant
424 2404 535 2432 autem
558 2404 692 2443 praeter
723 2400 854 2437 Pithoei
885 2401 1068 2431 editionem
1097 2418 1142 2423 —
1165 2400 1237 2442 ipse
1261 2399 1349 2430 enim
1378 2400 1483 2430 codex
1509 2399 1671 2430 undensis
1695 2399 1754 2430 ubi
1778 2408 1866 2428 nuuc
1889 2397 2008 2433 lateat,
2025 2412 2050 2430 ,v

252 2445 428 2485 ignoratur
459 2463 500 2469 -
534 2446 634 2476 etiam
665 2447 700 2476 in
728 2446 850 2477 >codice
882 2445 1117 2487 Sangallensi,
1161 2446 1248 2475 uude
1279 2445 1406 2486 primus
1439 2445 1546 2475 edidit
1577 2446 1614 2474 Α.
1642 2444 1683 2474 G.
1710 2443 1882 2474 (ζητηταί
1914 2441 2006 2472 letus

254 2488 376 2519 Hamb.
408 2488 502 2519 1823.
527 2488 570 2522 8.
603 2499 678 2520 mox
710 2490 952 2520 accuratiorem
984 2489 1201 2520 collationem
1231 2489 1460 2529 suppeditavit
1486 2488 1521 2518 J.
1548 2488 1589 2518 C.
1614 2488 1764 2518 Orellius
1796 2487 1830 2516 iu
1857 2485 2002 2528 praefat.

252 2531 491 2565 lecmTurie.
522 2529 655 2564 hibern.
689 2532 934 2564 ¹833ss-1834.
985 2533 1147 2575 „Aetatem
1179 2531 1391 2564 Scholiorum
1422 2536 1481 2563 aut
1511 2535 1601 2563 certe
1633 2531 1736 2568 fontis
1767 2530 1855 2560 unde
1888 2528 2009 2559 han-u

253 2582 361 2613 sunt..
384 2579 500 2619 prodit
529 2578 694 2619 imprimis
728 2583 808 2609 notu
837 2580 879 2609 ad
909 2578 980 2609 Sat.
1009 2578 1072 2608 ΙΙΙ.
1099 2576 1180 2608 167:
1215 2583 1248 2608 et
1273 2589 1362 2609 nunc
1384 2577 1479 2620 apud
1500 2577 1718 2608 Athenienses
1740 2575 1879 2606 mortuis
1900 2573 2012 2605 se'lent

254 2622 290 2650 in
313 2631 369 2651 ore
391 2632 509 2652 nunnus
533 2622 719 2657 immittere,
751 2626 791 2652 ut
812 2620 905 2665 apud
927 2621 1052 2663 inferos
1077 2631 1145 2651 non
1168 2626 1329 2663 tanquam
1351 2622 1467 2663 inopes
1489 2625 1598 2650 errent
1620 2625 1688 2650 etce
1708 2636 1748 2641 -—
1801 2618 1860 2656 ²2)
1886 2618 2016 2648 Habuit

254 2664 342 2695 enim
365 2662 711 2706 praeter'Budensem
733 2665 836 2696 etiam
859 2665 1125 2698 latiniacensem
1151 2668 1184 2695 et
1212 2664 1316 2694 alium
1348 2664 1445 2695 Saec.
1470 2663 1537 2699 xt,
1571 2663 1630 2704 qui
1662 2671 1751 2693 nunc
1783 2662 1874 2693 inter
1902 2661 2015 2703 regies

255 2707 425 2739 Parisino:
448 2712 499 2739 est
524 2719 558 2738 n.
573 2709 675 2744 8072,
698 2719 796 2749 quem
820 2719 922 2750 quum
939 2708 1154 2739 Achnintrius
1176 2708 1360 2738 identidem
1381 2707 1516 2737 Pstlsoei
1538 2706 1680 2737 codicem
1703 2706 1868 2746 appellet,
1895 2716 2016 2736 caven-

254 2751 331 2782 dum
357 2755 407 2783 est
431 2762 472 2784 ue
497 2762 572 2791 curu
597 2751 744 2783 Budeusi
768 2751 995 2799 contzundatis.
1050 2750 1206 2782 Ceterum
1234 2751 1326 2792 quod
1352 2751 1441 2781 idem
1462 2749 1677 2781 Aehniutrius
1703 2750 1747 2779 ad
1773 2748 1846 2781 Sat.
1869 2749 1928 2780 lx.
1952 2747 2015 2779 106
