2400 2971
981 186 1337 236 ,4-

293 325 367 364 bus
399 325 553 364 incuria
580 324 718 374 fuerit‚
748 340 871 378 quum
899 325 1058 364 aliunde
1074 326 1108 379 3)
1135 332 1220 363 tum
1247 326 1320 364 hac
1341 322 1536 364 Martialis
1564 321 1838 360 admonitione
1867 328 2046 361 constat:

612 377 660 417 Si
691 391 773 434 qua
804 378 1051 418 videbuntur
1083 379 1236 418 chartis
1264 378 1356 427 tibi,
1395 377 1540 424 lector,
1577 376 1621 413 in
1648 376 1737 413 istis

663 427 759 470 Sive
792 429 964 470 obseura
992 432 1116 471 nimis
1143 432 1227 470 sive
1255 430 1385 469 latina
1412 442 1585 482 parum,

615 483 715 522 Non
748 497 861 521 meus
888 490 946 522 est
974 498 1115 534 error3
1154 485 1293 522 nocuit
1321 482 1516 522 librarius
1543 480 1647 529 illis,

669 537 780 574 Dum
810 542 1001 588 properat
1032 549 1173 576 versus
1206 548 1477 574 annumerare
1505 533 1576 572 tibi
1594 533 1656 585 4)3

298 602 468 640 quorum
497 587 574 626 etsi
602 588 674 640 qui
701 587 844 627 menda
871 588 1059 627 tollerent
1087 588 1176 626 data
1203 602 1324 641 opera
1351 585 1695 626 constituebantur
1713 584 1773 638 5),
1809 589 1942 622 tamen
1970 585 2044 623 hos

297 655 310 678 ι
326 654 459 701 noque
486 639 594 677 haud
621 653 710 678 raro
738 639 1011 694 negligentius
1039 655 1123 680 rem
1151 655 1263 679 suam
1289 640 1465 693 gessisse
1486 638 1646 678 disertis
1670 645 1848 677 veterum
1869 637 2046 690 querelis

298 654 493 732 ‹iiscnnus
508 692 568 745 5)3
597 692 846 732 eruditorum
873 700 1019 744 autem,
1049 693 1118 747 qui
1146 693 1518 746 probatissimorum
1543 691 1783 744 scriptorum
1808 689 2049 743 exemplaria

300 744 380 783 sibi
407 744 653 797 recensenda
681 744 913 796 sumebant,
952 760 1070 799 quam
1098 759 1245 799 anceps
1272 745 1457 785 meritum
1485 744 1627 794 fuerit,
1657 743 1743 795 jam
1770 743 1813 781 in
1843 742 2049 794 superiore

299 796 572 850 disputatione
609 796 795 849 pluribus
832 798 1012 837 exsecuti
1047 812 1213 849 sumus3
1253 798 1324 850 qui
1354 811 1476 851 quum
1511 797 1587 835 hoe
1624 796 1707 835 fere
1743 795 1873 834 solum
1907 809 2050 848 operae

300 863 394 887 suae
421 847 675 901 propositum
701 848 910 900 haberent,
938 857 983 888 ut
1010 857 1188 890 veterum
1216 850 1365 903 scripta
1389 848 1437 889 ab
1459 848 1689 902 aequalibus
1712 847 1918 887 commode
1945 848 2050 900 lege-

300 907 453 951 rentur,
488 900 706 940 leetionem
734 916 817 940 non
845 901 1041 964 religione
1068 902 1202 955 aliqua
1230 902 1300 940 scd
1328 916 1400 940 suo
1431 907 1584 940 tantum
1611 900 1817 940 intellectu
1843 899 2050 952 regebant,

299 953 468 1006 ipsaque
495 953 738 1005 glossemata
764 969 866 1006 quae
894 954 1098 1005 dicuntur,
1127 961 1280 992 tantum
1307 954 1419 993 abest
1446 960 1505 1004 ut,
1539 967 1640 1007 quae
1668 952 1787 992 etiam
1813 966 1922 992 nune
1951 951 2051 991 mul-

298 1012 431 1043 torum
460 1004 600 1058 opinio
629 1011 712 1056 est,
752 1005 851 1045 solis
879 1006 1129 1059 marginibus
1162 1006 1363 1060 adscripta
1394 1021 1467 1059 per
1500 1020 1673 1044 errorem
1700 1005 1858 1044 demum
1886 1018 1931 1044 ac
1959 1018 2052 1044 con-

300 1056 504 1095 fusionem
532 1057 575 1094 in
604 1058 816 1096 verborum
840 1058 1023 1097 ordinem
1045 1059 1303 1112 irrepserint,
1342 1064 1386 1097 ut
1412 1057 1586 1096 dubitari
1610 1063 1782 1110 nequeat
1809 1055 1908 1109 quin
1930 1056 2053 1094 multa

299 1123 438 1148 eorum
467 1108 553 1147 sive
580 1108 883 1162 perspicuitatis
912 1110 1116 1163 augendae
1145 1125 1264 1149 causa
1292 1110 1378 1150 sive
1403 1108 1559 1164 pruritu
1582 1109 1717 1172 aliquo
1739 1107 1920 1148 mutandi
1945 1108 2053 1171 ipso-

297 1174 467 1222 rumque
486 1159 684 1200 editorum
699 1161 816 1216 quasi
833 1162 980 1202 virium
1001 1162 1331 1225 experiendarum
1347 1178 1466 1202 causa
1485 1178 1507 1201 a
1527 1161 1748 1201 scientibus
1771 1168 1811 1199 et
1826 1160 2053 1200 volentibus

297 1228 498 1266 genuinae
532 1213 755 1266 scripturae
783 1215 998 1254 substituta
1027 1222 1122 1255 sint.
1188 1215 1300 1255 Neve
1333 1215 1431 1254 haee
1465 1230 1515 1254 ex
1548 1213 1780 1267 suspicione
1814 1214 1983 1266 quadam
2015 1220 2055 1251 et

265 1294 270 1300 .
298 1261 435 1318 speeie
471 1264 556 1304 veri
591 1265 728 1318 potius
767 1282 885 1319 quam
926 1267 1046 1306 certis
1085 1266 1249 1306 indiciis
1287 1273 1426 1305 eontra
1461 1265 1826 1305 vetustissimorum
1861 1264 2054 1304 librorum

296 1317 417 1355 fidem
457 1317 519 1355 dis
551 1317 655 1356 utari
693 1317 917 1369 censeatis,
969 1326 1195 1373 opportune
1233 1325 1393 1372 praesto
1436 1325 1497 1357 est
1539 1318 1618 1357 ins'
1650 1317 1862 1356 nissimum
1904 1317 2055 1356 codicis

297 1368 423 1408 rescri
454 1369 486 1408 ti
533 1377 804 1422 ragmentum,
843 1372 984 1423 eujus,
1022 1379 1065 1410 ut
1092 1372 1223 1425 ipsius
1251 1370 1475 1410 inventoris
1503 1370 1655 1424 Angei
1680 1369 1783 1422 Maji
1811 1368 1944 1410 verbis
1973 1377 2055 1409 uta-

298 1436 388 1459 mur
412 1383 473 1473 ἦ,
523 1428 608 1460 tam
645 1423 822 1475 pulchra
863 1430 923 1464 est
962 1426 1168 1476 scriptura
1211 1431 1452 1481 tantamque
1494 1437 1540 1462 sa
1571 1425 1602 1462 it
1647 1424 1960 1478 antiquitatem,
2010 1429 2057 1461 ut

297 1473 406 1512 nulli
437 1488 490 1513 ex
518 1481 575 1512 tot
603 1478 971 1526 praestantissimis
1003 1477 1054 1515 ab
1085 1476 1156 1515 illo
1183 1477 1302 1516 editis
1333 1438 1630 1530 calligrapziiiae
1659 1476 1806 1515 veteris
1833 1476 2057 1527 specimini-

297 1525 373 1565 bus
400 1526 537 1576 cedat,
574 1525 785 1567 Juvenalis
810 1527 964 1567 Satirae
985 1528 1090 1567 XIV
1111 1530 1232 1568 finem
1253 1536 1292 1567 ct
1308 1528 1393 1567 XV
1449 1528 1667 1582 rineipium
1690 1526 1920 1578 continens,
1949 1527 2058 1581 quod

295 1592 413 1617 nemo
442 1578 562 1618 facile
597 1578 705 1619 infra
733 1587 918 1634 quartum
952 1580 1101 1623 adeove
1133 1581 1295 1621 tertium
1328 1597 1371 1634 p.
1402 1543 1502 1620 (ihr.
1533 1597 1576 1618 n.
1608 1581 1811 1619 saeculum
1839 1580 2056 1670 delprimat3

296 1630 403 1670 idem
430 1638 563 1669 tamen
600 1631 644 1669 in
680 1634 826 1685 exiguo
855 1647 1045 1672 versuum
1072 1648 1239 1673 numero
1268 1640 1349 1673 tam
1376 1632 1590 1673 manifesta
1618 1631 1762 1673 menda
1790 1632 1882 1671 exhi
1914 1639 1974 1680 et,
2015 1640 2058 1669 ut

297 1683 377 1722 'am
421 1689 506 1722 tum
548 1687 692 1744 potitae
740 1684 983 1737 exemplaria
1026 1686 1107 1724 insi
1139 1687 1243 1724 niter
1289 1692 1476 1739 corrupta
1520 1685 1724 1724 exstitisse
1768 1682 2055 1737 intelligamus.

341 1735 496 1773 ittimus
525 1736 742 1775 ndiculum
769 1736 928 1791 lapsum
956 1736 1041 1778 Sat.
1070 1737 1114 1777 X
1159 1768 1168 1777 .
1198 1738 1275 1777 24:
1312 1740 1371 1778 sic
1399 1739 1553 1796 aliquis
1580 1739 1790 1777 memori
1800 1743 1847 1775 to
1875 1737 2059 1776 nondum

296 1787 451 1836 ebrius,
488 1803 562 1840 pro
594 1791 754 1838 merito,
789 1804 1020 1843 quanquam
1048 1791 1113 1830 vel
1141 1790 1225 1830 illic
1253 1790 1361 1829 haud
1389 1791 1539 1830 seimus
1568 1805 1618 1829 an
1646 1796 1761 1829 vetus
1790 1788 2060 1851 dittographia

297 1839 439 1889 lateat,
478 1854 580 1893 quae
609 1840 711 1880 alios
741 1844 907 1892 merito,
943 1842 1045 1882 alios
1075 1850 1274 1883 memorat
1301 1843 1516 1896 scripsisse
1543 1842 1710 1896 prodatg,
1753 1841 1824 1880 sed
1853 1848 1971 1880 etiam
1999 1841 2058 1879 in-

298 1891 455 1945 signior
484 1907 596 1931 error
623 1900 684 1931 est
713 1894 904 1947 deinceps
938 1910 978 1933 v.
1002 1895 1080 1933 25:

617 1945 666 1985 de
697 1943 923 1999 Corcyraea
953 1953 1146 1986 temecum
1177 1947 1406 1987 deduxerat
1438 1961 1546 1986 urna

294 2011 370 2050 pro
408 2004 598 2037 temetum
627 1998 828 2049 duxerat,
872 2005 999 2039 metro
1032 1999 1177 2038 misere
1212 2000 1405 2052 lacerato,
1448 2000 1511 2037 sin
1541 2000 1604 2039 vel
1631 2001 1708 2039 hoc
1736 1999 1890 2039 librarii
1919 2000 2058 2053 culpae

296 2048 511 2098 tribuatur,
542 2057 690 2089 certam
718 2050 1019 2104 interpolatoris
1048 2059 1182 2091 notam
1210 2052 1314 2105 gerit
1347 2068 1386 2092 v.
1407 2052 1484 2091 27:

614 2117 690 2141 nos
718 2104 912 2142 miranda
940 2104 1104 2162 quidem
1130 2105 1201 2143 sed
1229 2119 1360 2158 nuper
1391 2105 1568 2145 Consule
1595 2104 1749 2153 Junco,

293 2169 414 2246 quam
453 2155 489 2193 si
523 2155 740 2195 lectionem
777 2170 820 2194 se
851 2156 1005 2206 uimur,
1050 2171 1124 2209 pro
1152 2158 1307 2208 «Iunio,
1348 2157 1418 2219 qui
1448 2172 1484 2196 a.
1508 2157 1587 2196 119
1615 2157 1804 2207 ἐπώνυμος
1831 2156 1932 2206 fuit,
1975 2158 2058 2195 suf-

312 2214 445 2247 ectum
483 2207 692 2247 consulem
728 2207 830 2247 habe
862 2206 990 2258 imus,
1041 2224 1159 2261 quem
1197 2210 1329 2261 ipsum
1365 2210 1435 2248 ιΙΙο
1474 2210 1636 2248 nomine
1673 2216 1765 2249 ante
1803 2224 1839 2248 a.
1864 2209 1943 2248 127
1977 2223 2057 2248 non

291 2345 432 2374 erimina
464 2344 670 2385 exprobrant
697 2366 703 2374 .
721 2366 728 2374 .
746 2366 777 2374 ..
804 2353 1021 2388 quaecunque
1051 2353 1127 2374 vero
1158 2343 1313 2375 lectiones
1344 2344 1528 2376 doctrinam
1556 2346 1677 2387 paullo
1708 2345 1864 2389 ’najareni
1896 2345 2057 2381 redolent,

291 2394 330 2419 ut
360 2393 486 2420 eertum
519 2389 555 2418 in
586 2390 633 2419 eis
665 2389 863 2424 consilium,
904 2399 972 2418 non
1000 2387 1160 2429 fortunae
1191 2389 1403 2419 temeritatem
1434 2400 1618 2432 αφιοςοαε,
1661 2401 1716 2420 eas
1747 2401 1806 2432 eqo
1839 2390 1993 2421 lectiones
2024 2391 2059 2420 in

292 2433 446 2463 omnibus
475 2432 698 2475 scriptoribus
730 2444 797 2463 non
830 2444 851 2462 a
883 2431 1055 2467 librariis,
1098 2430 1157 2462 sed
1187 2442 1208 2461 a
1239 2434 1467 2474 grammaticis
1497 2435 1566 2463 sive
1598 2434 1747 2475 antiquis
1776 2435 1845 2464 sive
1875 2434 2059 2464 recentibus

289 2476 463 2519 profectas
494 2488 563 2507 esse
594 2479 713 2519 quovis
741 2478 886 2520 pignore
918 2474 1140 2506 contenderim
1173 2479 1237 2505 etc.
1259 2492 1299 2498 --
1369 2475 1402 2514 3)
1435 2476 1507 2506 Cic.
1534 2477 1601 2514 Qu.
1635 2477 1678 2506 fr.
1704 2477 1765 2507 ΙΙΙ.
1786 2477 1825 2507 6:
1874 2477 1914 2507 de
1944 2477 2059 2508 latinis

291 2532 388 2556 vero,
422 2532 488 2564 quo
521 2532 573 2551 me
603 2527 730 2552 vertam
755 2521 886 2556 neseio3
923 2520 974 2550 ita
1004 2518 1157 2549 mendose
1187 2524 1219 2548 et
1250 2519 1444 2550 scribuntur
1469 2526 1500 2550 et
1526 2526 1686 2557 venennt‚·
1722 2521 1768 2551 cs.
1796 2521 1861 2551 Dio
1887 2521 2056 2561 Cbrysost.

291 2565 352 2595 Or.
375 2565 464 2601 xxi,
490 2576 525 2607 p.
542 2563 622 2597 272.
642 2583 680 2589 -
729 2565 762 2603 4)
789 2564 906 2606 Epigr.
933 2563 982 2600 11,
1000 2561 1033 2592 8.
1052 2580 1093 2587 --·
1141 2562 1172 2601 5)
1201 2562 1272 2592 Cic.
1298 2564 1341 2593 ad
1364 2565 1433 2594 Att.
1458 2564 1554 2593 xm.
1574 2563 1629 2593 23.
1649 2565 1688 2594 2:
1721 2569 1802 2594 sunt
1823 2565 1908 2594 enim
1931 2564 2057 2606 effecta,

290 2615 329 2640 ut
360 2609 499 2645 vidis1i‚·
546 2614 678 2640 tantum
711 2609 931 2639 librariorum
961 2605 1083 2647 menda
1114 2606 1293 2636 tolluntur.
1328 2625 1364 2630 -
1444 2606 1477 2646 6)
1509 2606 1671 2648 Porphyr.
1704 2607 1746 2638 V.
1782 2608 1905 2638 Plotin.
1939 2618 1969 2639 c.
1997 2607 2055 2638 192

289 2655 446 2694 κέκτημαι
477 2655 512 2684 δὲ
536 2651 710 2696 ἡμιτελῶς·
744 2650 784 2684 ου’
804 2649 867 2694 γάρ
897 2655 1033 2694 μετρίως
1062 2649 1100 2692 ἤν
1131 2651 1392 2695 διημαρτημένζι·
1428 2654 1532 2681 καίτοι
1563 2649 1619 2682 τόν
1650 2651 1776 2694 ἑταῖρον
1798 2649 1941 2688 Ἀμὲλιον
1971 2649 2059 2693 ᾤμην

289 2695 528 2739 α’ναλὴψασθαι
571 2693 615 2729 τά
655 2699 720 2729 τῶν
759 2699 907 2740 γραφέων
946 2699 1154 2732 πταίσματα·
1198 2696 1244 2735 τῷ
1277 2696 1312 2725 δὲ
1347 2696 1385 2737 ἠν
1419 2693 1503 2726 ἄλλα
1536 2699 1784 2737 προυργιαίτερα
1817 2697 1875 2737 τῆς
1907 2696 2058 2738 τοιαύτης

288 2743 505 2784 προςεδρείας.
530 2760 574 2766 -
629 2741 662 2783 7)
689 2742 797 2773 Class.
824 2745 930 2772 auctt.
958 2750 975 2771 e
1000 2739 1130 2770 Vatice.
1158 2739 1256 2770 codd.
1284 2739 1364 2769 edit.
1398 2740 1439 2770 T.
1460 2739 1526 2778 ΙΙΙ,
1555 2750 1590 2781 p.
1610 2751 1701 2770 xviii.
