2271 2949
951 199 1019 203 ,-
1096 129 1306 217 Μ’,-

250 307 508 348 dulcissimae
536 306 820 370 descriptionis
848 307 929 347 vim
961 308 1179 362 perituram
1207 322 1298 346 esse
1324 306 1587 355 arbitremur,
1626 306 1697 345 ubi
1724 315 1810 346 tum
1836 314 2007 360 tantum,

249 360 451 414 quum'ad
472 368 627 414 tempus
651 374 766 399 smus
790 367 1006 413 stagnaret,
1035 368 1103 400 aut
1122 360 1357 400 interiorem
1376 365 1519 414 portus
1542 365 1696 412 partem
1717 361 1802 414 peti
1823 361 2009 415 potuisse

248 419 317 451 aut
350 419 490 451 nautas
527 413 702 475 sospites
730 413 909 465 pericula
941 415 1133 451 exhausta
1162 427 1325 451 narrare
1353 411 1496 451 solitos
1526 425 1617 450 esse
1645 418 1892 465 statuamus3
1931 428 2008 453 nec

247 465 312 504 vel
338 466 411 504 hac
439 465 687 505 delectione
715 465 858 504 melius
887 464 1181 517 existimamus,
1217 480 1337 519 quam
1364 464 1415 504 de
1444 463 1567 503 turba
1595 464 1661 504 vel
1688 470 1847 517 turma,
1884 480 2007 528 quam

246 517 369 556 iidem
397 518 481 557 fere
509 517 668 557 codices
704 533 743 556 v.
764 517 846 556 110
873 517 985 556 eunti
1019 518 1061 556 in
1089 518 1243 571 proelia
1272 519 1381 557 turri
1415 516 1734 568 substituerunt,
1775 533 1858 558 non
1887 518 2007 558 intel-

245 570 349 610 lecta
376 570 563 610 videlicet
594 570 828 610 turritorum
855 570 1158 624 elephantorum
1187 570 1414 619 mentione,
1454 584 1558 624 quae
1588 569 1652 610 illi
1683 570 1775 610 loco
1791 577 1885 625 'tam
1912 578 2006 626 apta

245 630 329 674 est,
372 624 416 661 ut
452 623 487 661 si
524 623 679 662 librarii
717 623 899 673 demum,
943 629 1061 676 quae'
1083 623 1298 662 Schmidtii
1335 623 1536 663 sententia
1572 630 1659 673 est,
1703 623 2004 663 vivacissimam

245 676 461 730 imaginem
493 675 824 729 languidissimae
859 675 1102 729 tautologiae
1138 675 1435 727 subdidissent,
1473 674 1604 729 ipsius
1637 674 1823 729 profecto
1858 679 2003 731 poetae

245 728 467 768 doctrinam
497 735 768 781 superassent.
830 728 963 768 Vilem
988 729 1180 782 populum
1211 735 1250 767 et
1276 742 1441 768 saevam
1468 728 1740 781 voluptatem,
1780 744 1886 783 quae
1914 728 1999 769 Sat.

242 780 358 820 X111.
393 796 432 820 v.
454 781 533 820 142
560 787 599 820 et
624 781 708 820 208
738 796 811 835 pro
839 781 988 821 vilibus
1013 781 1138 834 pultis
1165 787 1206 821 et
1232 781 1320 821 sola
1348 781 1560 821 voluntate
1593 788 1906 834 successerunt,
1947 796 2001 823 ne

243 832 491 886 Schmidtius
510 834 672 886 quidem
692 839 830 873 contra
846 833 1054 873 historiam
1074 834 1440 887 sententiarumque
1456 839 1637 873 tenorem
1653 835 1758 874 tueri
1777 835 1998 886 sustinuit,

243 886 435 924 vellemus
471 892 604 924 tamen
640 885 807 924 eandem
842 885 1068 924 cautionem
1105 886 1155 924 ad
1191 893 1423 938 sequentem
1459 886 1620 924 satiram
1658 887 1885 938 attulisset,
1925 888 1998 926 ubi

243 938 325 977 dici
352 951 434 976 non
463 941 595 991 potest
622 943 742 991 quam
769 944 949 977 contorta
976 938 1131 987 ratione
1158 951 1198 976 v.
1215 938 1269 977 38
1295 939 1456 977 damnis
1479 937 1670 977 defendat
1693 953 1768 992 pro
1792 939 1997 979 damnum·

242 991 321 1039 dis,
358 990 505 1042 quibus
533 995 811 1043 poeta⁶patres
840 990 1039 1029 abstinere
1061 991 1194 1043 jubet,
1229 1006 1280 1029 ne
1302 991 1377 1029 filii
1399 1005 1537 1031 eorum
1561 990 1731 1029 crimina
1757 999 1995 1046 sequantur,

242 1042 360 1096 quasi
395 1048 463 1081 aut
498 1041 733 1081 damnorum
765 1048 940 1091 tantum,
983 1055 1085 1095 quae
1120 1057 1170 1082 ex
1205 1043 1440 1082 criminibus
1473 1042 1705 1096 prodirent,
1745 1058 1829 1083 non
1862 1043 1996 1097 ipsius

241 1095 505 1147 turpitudinis
535 1109 655 1134 causa
690 1096 766 1133 hoc
788 1094 1002 1135 'Juvenalis
1040 1095 1195 1146 ‘nbeat,
1235 1102 1302 1134 aut
1329 1095 1509 1144 damnis,
1606 1109 1652 1134 ae
1680 1095 1878 1135 scelerum
1906 1097 1997 1135 imi-

240 1147 392 1186 tatione
426 1146 643 1200 aliquando
679 1146 721 1185 in
755 1146 861 1185 filios
896 1146 1021 1185 redun
1052 1161 1117 1186 are
1149 1154 1338 1201 possent,
1382 1153 1514 1200 patres
1547 1109 1750 1187 :distinere
1785 1149 1997 1188 commode

236 1200 479 1250 jubeantur,
506 1212 592 1237 'nec
619 1199 763 1237 melior
789 1213 908 1237 eausa
936 1205 997 1237 est
1022 1214 1062 1237 v.
1080 1199 1153 1249 62,
1190 1199 1260 1238 ubi
1289 1199 1399 1238 lav‘al
1426 1199 1464 1238 le
1493 1198 1597 1238 endo
1625 1199 1995 1252 omnisoppositio

241 1251 417 1302 tollitur,
457 1265 558 1305 quae
586 1251 692 1291 inter
725 1251 810 1291 leve
837 1257 1052 1305 argentum
1080 1256 1120 1291 et
1147 1265 1291 1305 aspera
1319 1265 1420 1290 vasa
1450 1265 1474 1290 o
1503 1250 1605 1290 tinet
1624 1251 1705 1306 1⁶),
1743 1257 1813 1291 aut
1840 1266 1879 1290 v.
1898 1252 1994 1303 115,

241 1304 324 1342 ubi.
348 1310 470 1360 atque
498 1305 717 1342 verendum
778 1310 842 1343 ost
870 1303 1079 1358 'egregium
1103 1303 1383 1343 ⁴insulsissime
1417 1304 1612 1353 infertur,
1660 1305 1812 1343 omissa
1849 1307 1992 1362 acqui-

239 1356 359 1396 rendi
384 1356 564 1408 notione,
592 1367 674 1411 qua
701 1371 746 1396 so
764 1371 786 1395 a
814 1370 987 1410 sequens
1014 1356 1181 1410 artificis
1208 1356 1446 1397 vocabulum
1470 1355 1521 1395 ad
1543 1356 1667 1409 hujus
1689 1356 1771 1411 loci
1795 1356 1994 1397 rationem

239 1410 469 1463 adaptatur,
508 1409 629 1448 immo
657 1410 721 1448 his
748 1409 980 1472 praemissis
1007 1424 1059 1449 ne
1086 1410 1274 1449 indomiti
1308 1410 1469 1463 quidem
1504 1423 1578 1461 pro
1611 1410 1818 1450 immodici
1853 1425 1894 1449 v.
1915 1410 1996 1450 1⁷ss

239 1461 421 1515 quamvis
451 1462 567 1501 docta
595 1462 728 1515 specie
756 1468 812 1501 ita
838 1461 966 1500 tutum
995 1461 1246 1513 arbitramur,
1275 1469 1320 1502 ut
1346 1462 1412 1507 hic
1441 1468 1546 1501 certe
1575 1461 1751 1516 aliquam
1779 1462 1993 1502 deterioris

239 1514 415 1554 familiae
453 1515 736 1568 praestantiam
773 1514 1050 1567 agnoscamuS.
1126 1514 1292 1553 Scilicet
1327 1515 1395 1553 hic
1432 1514 1597 1578 quoque
1630 1515 1848 1554 cacozelon
1886 1515 1994 1554 dior-

237 1569 389 1605 thotam
418 1567 768 1619 deprehendimus,
795 1567 867 1619 qui
894 1566 988 1619 quia
1014 1567 1208 1606 indomita
1235 1568 1424 1620 pleraque
1451 1566 1666 1607 immodica
1693 1573 1803 1617 suut,
1829 1567 1992 1607 inversa

238 1619 365 1671 figura
393 1632 511 1657 omne
545 1618 802 1658 immodicum
830 1618 1068 1657 indomitum
1096 1619 1333 1671 appellavit,
1372 1632 1448 1658 nee
1481 1618 1517 1656 si
1544 1619 1716 1661 maxime
1744 1619 2013 1658 indomitum-

237 1684 382 1710 sensus
416 1670 497 1709 dici
532 1670 673 1722 liceat,
715 1670 781 1709 cui
817 1670 1004 1709 dominus
1042 1686 1125 1710 non
1159 1676 1377 1724 temperat,
1419 1669 1602 1723 cupidini
1640 1676 1748 1710 certe
1766 1677 1895 1710 ‘tauta
1914 1671 1993 1710 ·vel

238 1722 431 1775 segnities
460 1723 525 1761 vel
559 1722 813 1761 imbecillitas
848 1722 1020 1783 proponi
1055 1728 1212 1776 potest,
1252 1729 1535 1776 quam.autem
1563 1720 1813 1762 Schmidtius
1850 1723 1992 1776 hypal-

238 1775 357 1827 lagen
385 1781 516 1822 vocat,
546 1774 665 1813 etiam
688 1775 723 1813 si
752 1789 916 1814 ommno
943 1775 1166 1813 tolerabilis
1195 1775 1264 1825 sit,
1292 1782 1425 1814 tamen
1452 1773 1548 1814 huic
1575 1775 1666 1813 loco
1694 1775 1759 1813 vel
1786 1774 1879 1814 ideo
1906 1789 1991 1814 non

235 1825 446 1877 convenit,
486 1826 595 1880 quod
622 1828 789 1882 cupido,
829 1840 909 1881 quo
936 1826 1006 1866 ille
1034 1827 1222 1867 indomiti
1248 1827 1487 1867 vocabulum
1519 1826 1684 1890 proprie
1711 1827 1857 1867 referri
1886 1827 1990 1878 vult,

231 1880 317 1931 jam
346 1893 462 1917 suum
490 1879 570 1918 sibi
597 1880 830 1918 attributum
857 1893 980 1918 saeva
1006 1879 1139 1919 habet.
1206 1880 1270 1919 De
1298 1880 1383 1919 Sat.
1412 1879 1496 1918 XV
1520 1894 1607 1931 Jam
1635 1879 1822 1932 superius
1852 1879 1991 1941 dispu-

235 1938 360 1971 tatum
395 1937 479 1982 est,
518 1937 641 1971 restat
667 1930 793 1981 XVI,
834 1931 904 1970 ubi
938 1932 1015 1971 hoc
1045 1931 1132 1984 jam
1168 1938 1311 1985 sponte
1343 1938 1473 1985 patet,
1513 1946 1553 1970 v.
1572 1931 1627 1974 23
1658 1931 1785 1972 multo
1813 1938 1990 1971 atrocius

236 1999 326 2024 esse
363 1984 567 2024 mulinum
600 1998 670 2023 cor
695 1979 881 2038 Vagellio
915 1984 1133 2036 tributum,
1171 1999 1291 2038 quam
1317 1985 1569 2036 Mutinensis
1633 1984 1755 2023 atriae
1788 1983 1990 2037 significa-

237 2037 412 2088 tionem,
450 2052 552 2091 quae
581 2037 617 2076 si
645 2037 814 2077 maxime
836 2051 935 2077 vera
962 2037 1063 2088 fuit,
1102 2052 1149 2077 eo
1176 2037 1304 2091 magis
1332 2037 1534 2091 glossema
1559 2051 1603 2076 re
1633 2037 1737 2089 olet,
1774 2051 1850 2076 nec
1878 2051 1917 2075 v.
1935 2037 1992 2076 29

236 2090 430 2143 quamvis,
454 2090 623 2129 notabili
658 2090 840 2129 codicum
876 2104 1042 2129 numero
1077 2090 1284 2129 credemus
1315 2090 1468 2141 judicis
1504 2089 1712 2142 negotium
1746 2089 1900 2139 fuisse,
1945 2097 1992 2128 ut

236 2149 375 2182 testem
413 2142 562 2181 diceret
598 2142 768 2190 adeove,
816 2156 918 2195 quae
952 2141 1183 2180 Achaintrii
1219 2141 1433 2194 explicatio
1470 2147 1554 2189 est,
1602 2141 1829 2187 addiceret,
1870 2155 1991 2193 quem

181 2216 184 2218 ·
235 2201 444 2235 accusator
481 2196 621 2246 daret,
675 2195 848 2249 denique
887 2210 927 2234 v.
952 2193 1006 2233 39
1045 2209 1117 2234 cur
1149 2193 1330 2234 vetulum
1366 2193 1492 2233 libum
1532 2191 1726 2233 Termino
1763 2191 1989 2233 Laribusve

237 2248 520 2301 compitalibus
549 2248 725 2287 oblatum
760 2251 1007 2296 statuamus,
1042 2261 1094 2285 ne
1119 2247 1169 2285 in
1191 2246 1461 2300 ⁴pauperrimo
1488 2246 1652 2299 quidem
1679 2246 1844 2285 homine
1872 2259 1991 2284 causa

236 2306 422 2354 apparet,
449 2300 639 2354 patulum
666 2306 796 2340 autem
823 2299 954 2353 ipsius
982 2299 1056 2339 libi
1083 2299 1253 2339 formam
1280 2297 1531 2353 apertissime
1558 2298 1773 2350 describit,
1804 2305 1990 2352 recteque

236 2360 276 2392 et
303 2353 438 2406 ipsum
474 2354 523 2392 ab
551 2353 791 2392 Heinrichio
818 2350 1022 2405 receptum
1059 2359 1144 2404 est,
1184 2367 1304 2415 quem
1336 2351 1501 2391 omuino
1534 2351 1755 2405 gaudemus
1783 2357 1990 2391 emunctae

235 2406 345 2445 naris
382 2406 610 2457 hominem,
646 2403 836 2460 ,qua'mvis
870 2405 1080 2444 universas
1117 2404 1301 2445 codicum
1337 2404 1507 2444 virtutes
1541 2403 1774 2459 neutiquam
1807 2409 1913 2443 certo
1950 2410 1991 2442 et

235 2459 438 2498 constanti
468 2458 628 2511 judicio
664 2458 976 2507 existimaverit,
1023 2464 1156 2497 tamen
1195 2458 1239 2496 in
1277 2457 1450 2510 singulis
1486 2457 1589 2496 locis
1627 2457 1859 2510 saepissime
1898 2455 1913 2493 i
1943 2469 1990 2495 so

236 2525 384 2563 sensu,
426 2526 546 2566 quem
581 2510 891 2551 subtilissimum
927 2509 1121 2562 habebat,
1161 2510 1272 2554 duce,
1291 2509 1341 2549 ad
1368 2509 1411 2549 id
1430 2508 1695 2564 pervenisse,
1734 2507 1842 2563 quod
1868 2469 1990 2548 nozis

237 2578 287 2602 cx
314 2565 563 2617 integrarum
587 2564 747 2618 demum
774 2563 1056 2603 recensionum
1089 2563 1387 2617 comparatione
1419 2562 1723 2617 praeferendum
1745 2561 1883 2613 ¹visum
1910 2568 1987 2601 est.

321 2685 376 2723 ιθ)
398 2686 533 2727 Aspera
558 2687 634 2717 scu.
658 2687 786 2728 segnes,
813 2689 858 2715 at
883 2667 1008 2724 'Vin-gil.
1034 2686 1117 2714 Aen.
1142 2684 1183 2714 v.
1204 2673 1282 2719 267,
1319 2682 1483 2719 11263,
1517 2668 1620 2712 ov'ia.
1647 2681 1780 2721 Metam.
1808 2682 1886 2721 xn,
1907 2681 1988 2717 235.

232 2727 327 2759 xm.
355 2728 433 2767 701,
465 2729 551 2760 stat.
578 2729 662 2760 sav.
689 2729 753 2760 ιιι.
782 2728 814 2779 ¹5
840 2727 895 2765 38,
926 2727 988 2759 sn.
1016 2727 1126 2759 naue.
1153 2727 1200 2758 11.
1226 2725 1305 2764 432,
1338 2727 1395 2758 xi.
1419 2725 1484 2758 27⁹
1509 2729 1576 2758 ete.

1577 2778 1632 2817 9.
