2271 2949
943 162 1301 212 -17—

246 298 360 337 venis
391 297 559 337 Carolus
588 298 768 337 Heraeus
783 299 857 353 2⁵),
886 300 956 339 alii
984 300 1033 339 dc
1053 300 1343 354 Bambergensi
1367 307 1407 338 et
1427 300 1632 339 Puteaneo
1652 299 1764 339 Livii
1780 300 1836 353 26)
1866 301 2004 340 rectis-

246 351 346 389 sime
368 351 622 401 judicarunt‚
642 352 716 401 ‚vel
743 352 813 390 ubi
842 353 1053 392 manifesta
1081 355 1306 414 corruptela
1341 353 1546 402 laborent,
1584 351 1825 392 sinceriores
1854 353 2004 392 haben-

245 402 317 441 dos
346 416 435 442 csse
463 418 581 457 quam
608 403 709 444 alios
736 402 862 442 libros
888 403 1042 456 MstoS,
1082 405 1153 458 qui
1179 405 1437 445 librariorum
1465 405 1744 457 editorumque
1773 405 2002 456 fraudibus,

244 469 325 506 quo
361 456 526 507 propius
563 456 613 493 ad
647 456 809 507 legendi
843 457 1072 496 facultatem
1108 458 1365 507 accederent,
1412 472 1461 496 eo
1501 456 1664 509 longius
1701 472 1723 495 a
1760 457 2004 510 scriptorum

245 521 365 545 manu
393 513 431 546 et
458 508 629 546 consilio
657 507 800 546 remoti
828 508 929 558 sint,
958 508 1065 547 idem
1093 509 1143 547 ad
1169 509 1401 548 Budensem
1427 509 1640 549 Juvenalis
1669 510 1889 548 transferre
1918 524 2002 549 non

245 558 495 610 dubitamus,
536 574 583 599 co
618 566 771 599 tantum
798 560 1054 609 discrimine,
1095 561 1204 614 quod
1238 568 1278 600 ct
1313 561 1561 601 emendatior
1593 561 1661 600 hie
1699 576 1819 614 quam
1856 562 1917 600 illi
1952 561 2003 600 ad

244 625 319 649 nos
347 611 580 664 pervenisse
607 612 779 661 videtur,
819 626 894 651 nee
921 613 1172 665 postliminio
1201 613 1360 652 demum
1395 620 1440 652 ut
1475 614 1665 652 nonnulli
1695 628 1745 652 ex
1773 614 1857 652 illis
1886 613 2002 652 redu-

244 664 411 714 cendus,
448 664 519 703 sed
547 664 589 703 iu
618 679 663 703 ea
690 670 845 703 tantum
871 665 1130 718 possessione
1157 665 1330 706 tuendus
1359 672 1436 718 est,
1465 681 1585 721 quam
1612 680 1687 720 per
1718 665 1799 705 duo
1828 665 2001 720 amplius

246 716 404 754 saecula
432 716 575 754 merito
604 716 792 754 obtinuit.

348 767 482 806 Habet
513 773 668 818 tamen,
708 773 752 805 ut
778 767 976 819 diximus,
1019 769 1137 808 etiam
1164 769 1386 809 Pithoeana
1420 769 1629 820 recensio,
1672 784 1776 823 quae
1811 770 1999 809 emenda·

243 819 395 857 tionem
431 825 499 857 aut
534 820 731 871 recipiant
767 827 834 857 aut
869 820 1072 872 flagitent,
1112 836 1282 873 quorum
1319 822 1389 860 ubi
1425 822 1589 873 aliquod
1624 822 1831 874 specimen
1865 822 1998 861 oculis

243 870 388 909 vestris
425 870 777 923 proposuerimuS,
819 871 961 923 longae
995 872 1090 911 liuic
1123 873 1363 925 praefationi
1398 874 1520 912 finem
1555 872 1825 925 imponemus.
1892 873 1999 912 Nam

243 923 353 973 quod
378 929 582 983 practerea
609 930 741 961 vestro
763 923 858 973 jure
884 924 1114 975 postuletis,
1143 924 1464 972 Commilitones,
1493 931 1537 962 ut
1560 938 1610 962 ex
1630 925 1787 977 reliqua
1810 925 1997 964 codicum

244 974 445 1028 farragine
473 979 513 1013 et
540 988 608 1014 eos
637 979 868 1024 enatemus,
906 975 977 1029 qui
1005 982 1044 1015 et
1070 975 1150 1030 ipsi
1177 976 1228 1014 ad
1255 976 1459 1015 meliorem
1485 975 1765 1015 recensionem
1792 976 1997 1039 pertinere

243 1028 474 1075 videantur,
515 1034 554 1065 et
582 1027 791 1069 deterioris
823 1028 1124 1068 vicissitudines
1161 1029 1215 1067 ita
1249 1044 1556 1090 persequamur,
1596 1036 1641 1068 ut
1668 1028 1705 1067 si
1732 1044 1805 1082 qui
1832 1028 1995 1068 codices

242 1079 418 1134 priscam
446 1078 557 1118 illius
587 1079 755 1118 formam
781 1078 971 1132 referant,
1001 1081 1050 1120 ab
1078 1081 1137 1120 eis
1166 1081 1478 1134 distinguantur,
1507 1080 1578 1134 qui
1605 1080 1724 1119 novis
1752 1080 1995 1134 corruptelis

243 1133 308 1171 vel
335 1147 358 1170 a
386 1147 459 1171 suo
487 1134 649 1193 arcliety
678 1147 702 1170 o
730 1132 1017 1184 discesserunt,
1049 1134 1106 1184 id,
1136 1133 1254 1173 etiam
1282 1134 1318 1172 si
1344 1135 1484 1173 harum
1511 1134 1758 1186 pagellarum
1785 1133 1996 1186 angustiae

242 1190 496 1237 paterentur,
533 1184 598 1222 vel
624 1199 639 1221 1
669 1198 715 1221 eo
744 1185 910 1236 exsequi
938 1186 1005 1223 vix
1032 1200 1266 1238 possemuS,
1306 1187 1401 1238 quia
1436 1186 1688 1237 singulorum
1723 1186 1919 1224 lectiones
1956 1193 1996 1224 et

243 1237 292 1275 ab
320 1235 560 1275 Achaintrio
594 1243 633 1275 et
665 1235 714 1274 ab
745 1236 835 1289 ipso
860 1237 1056 1289 Rupertio
1072 1238 1127 1290 27)
1164 1244 1273 1277 tanta
1299 1238 1364 1277 vel
1388 1236 1634 1290 negligentia
1661 1236 1727 1277 vel
1754 1236 1996 1276 confusione

243 1288 467 1340 descriptae
504 1294 621 1338 sunt,
669 1294 713 1325 ut
749 1289 820 1326 tali
851 1289 1007 1339 judicio
1045 1296 1226 1328 accurate
1264 1290 1429 1328 ferendo
1466 1288 1833 1341 cognationumque
1871 1289 1994 1327 ramis

242 1339 469 1379 minutatim
498 1339 742 1379 deducendis
770 1339 915 1379 idonea
941 1341 1104 1380 materia
1131 1356 1212 1380 non
1241 1347 1448 1394 suppetat,
1483 1354 1608 1377 unum
1636 1340 1772 1389 modo,
1801 1354 1854 1379 ne
1881 1354 1994 1393 pror-

244 1407 313 1430 sus
351 1392 556 1444 ἀσύμβολοι
592 1392 641 1430 ab
677 1392 751 1431 hac
788 1393 1021 1453 quaestione
1058 1393 1333 1442 discedamus,
1382 1391 1538 1431 duobus
1574 1392 1708 1430 verbis
1748 1391 1994 1440 indicamus,

242 1445 348 1484 inter
375 1445 645 1498 Rupertianos
674 1444 991 1484 sincerissimum
1017 1445 1145 1484 videri
1171 1444 1465 1494 Ebnerianum,
1502 1458 1621 1496 quem
1649 1443 1718 1483 ille
1746 1458 1915 1483 numero
1944 1444 1997 1483 14

243 1497 472 1550 insignivit,
505 1496 808 1536 fallacissimum
830 1495 1262 1535 Schurzfleischianum
1289 1511 1331 1534 n.
1349 1497 1398 1534 11
1428 1502 1622 1544 notatum,
1651 1510 1823 1556 quorum
1845 1496 1995 1535 utrius-

243 1564 322 1603 que
359 1549 603 1611 corruptelas
636 1548 945 1588 Sehwarzianus
981 1564 1024 1587 11.
1044 1549 1099 1587 10
1135 1548 1370 1602 conjungit,
1412 1547 1517 1586 inter
1547 1547 1864 1586 Achaintrianos
1899 1562 1995 1587 vcro

242 1616 293 1639 ne
322 1616 392 1640 eos
420 1601 605 1654 quidem,
674 1615 816 1639 uorum
844 1601 1022 1653 alioquin
1051 1601 1221 1639 maxima
1249 1600 1463 1639 auctoritas
1492 1599 1568 1647 sit,
1607 1606 1652 1637 ut
1677 1600 1928 1638 Puteaneum
1956 1607 1996 1638 ct

240 1650 586 1704 Alexandrinum,
626 1616 724 1693 adeo
757 1652 806 1692 ab
839 1652 1147 1706 interpolatione
1180 1652 1329 1692 liberos
1358 1664 1469 1703 esse,
1511 1657 1555 1689 ut
1588 1665 1627 1689 v.
1652 1665 1688 1690 c.
1720 1651 1805 1690 Sat.
1827 1650 1947 1692 XIV.
1968 1652 1997 1690 2

242 1706 421 1745 insiticio
449 1720 567 1745 versu
595 1712 778 1744 careante

574 1764 614 1796 et
641 1758 751 1814 quod
776 1757 979 1810 majorum
1005 1758 1103 1795 vitio
1130 1758 1396 1814 sequiturque
1422 1757 1624 1802 minores,

241 1818 309 1849 aut
335 1824 429 1848 mox
450 1809 622 1848 lectione
645 1809 849 1848 ruriculam
873 1815 912 1847 et
934 1823 1082 1859 rugam
1104 1808 1344 1857 abstineant,
1373 1822 1490 1860 quae,
1512 1807 1548 1846 si
1571 1821 1709 1846 verum
1728 1807 1994 1846 Heinriehius

241 1863 365 1913 vidit,
405 1861 469 1901 vel
497 1861 772 1900 Christianum
805 1861 1045 1899 diorthotam
1076 1860 1212 1914 prodit
1226 1860 1299 1913 28).
1373 1860 1544 1911 Propter
1578 1858 1745 1897 eandem
1772 1873 1868 1898 vero
1903 1873 1994 1898 cau·

242 1930 349 1965 sam,
389 1929 440 1953 ne
477 1914 513 1953 si
546 1913 645 1967 quid
678 1913 763 1952 veri
796 1912 959 1966 quidem
992 1912 1036 1951 in
1073 1912 1240 1966 reliquis
1275 1918 1432 1965 praeter
1457 1911 1687 1952 Budensem
1723 1911 1993 1960 contineatur,

243 1968 473 2020 ubicunque
508 1967 557 2005 ab
592 1967 668 2005 hoe
704 1966 955 2018 discrepant,
1001 1965 1116 2004 aliter
1150 1963 1407 2003 existimandi
1443 1970 1559 2013 sunt,
1600 1977 1721 2016 quam
1755 1977 1837 2016 quo
1873 1962 1993 2002 modo

243 2020 363 2058 etiam
399 2018 650 2070 conjecturas
685 2017 924 2071 probamuS,
964 2016 1001 2055 si
1029 2023 1067 2055 et
1094 2016 1319 2069 corruptela
1345 2016 1558 2054 manifesta
1586 2019 1626 2053 et
1652 2029 1757 2053 nova
1789 2015 1910 2053 lectio
1939 2015 1994 2053 ita

338 2183 395 2222 25)
419 2182 457 2213 ln
487 2181 606 2212 libello
636 2184 747 2211 rectae
776 2179 917 2210 rationis
940 2177 1114 2219 bonaeque
1137 2177 1243 2218 frugis
1274 2177 1490 2218 plenissimos
1526 2176 1647 2207 Studia
1676 2176 1794 2206 critica
1828 2176 1863 2206 in
1889 2174 1994 2206 Medi-

244 2238 321 2258 ccos
345 2227 455 2257 Taciti
479 2226 633 2261 codices,
666 2224 806 2255 Cassell.
837 2222 933 2256 1840.
955 2221 989 2252 8.
1009 2239 1051 2245 —
1116 2221 1172 2259 26)
1197 2222 1428 2263 Hrcyssigius,
1462 2220 1713 2255 Boettielierus.
1742 2219 1993 2255 Alschefskina;

243 2273 289 2302 cf.
312 2271 449 2302 Ottonis
471 2271 694 2300 divinationes
719 2268 898 2303 Livianae,
931 2265 1110 2296 Rarlsruhe
1135 2264 1233 2295 1839.
1259 2265 1290 2295 8.
1309 2283 1352 2291 -
1404 2264 1460 2303 2⁷)
1486 2265 1541 2294 Cf.
1567 2264 1607 2294 E.
1625 2263 1668 2293 G.
1686 2262 1821 2294 Weber-i
1847 2262 1994 2294 animad-

242 2327 329 2347 vers.
359 2317 402 2347 ad
427 2314 550 2347 Juven.
576 2314 725 2350 Sauras,
751 2312 857 2343 Jenae
884 2309 980 2341 1820.
1005 2308 1045 2347 8,
1075 2320 1110 2352 p.
1129 2308 1148 2339 6
1174 2309 1384 2352 eundemque
1410 2309 1453 2339 ad
1480 2308 1551 2340 Sat.
1575 2307 1616 2338 X.
1645 2306 1728 2344 142;
1760 2311 1830 2338 tum
1859 2306 1995 2337 Schnei—

243 2361 367 2390 dewin.
392 2361 428 2389 in
452 2359 493 2388 G.
513 2358 554 2388 G.
575 2360 614 2389 Α.
641 2357 738 2388 1840.
768 2355 905 2398 p.14¹3
930 2366 980 2396 sq.
996 2372 1039 2378 —
1092 2352 1150 2393 28)
1174 2353 1297 2385 Censet
1321 2354 1408 2385 enim
1433 2358 1539 2384 ortam
1563 2362 1633 2384 esse
1658 2362 1697 2383 ex
1719 2350 1996 2393 interpretatione

242 2404 349 2434 latina
372 2403 440 2433 loei
466 2402 599 2432 Paulini
623 2402 665 2431 ad
688 2400 811 2443 Ephes.
837 2399 878 2429 V.
905 2398 964 2429 17:
999 2396 1058 2438 τήν
1088 2398 1254 2440 ἐκκλησίαν
1283 2395 1327 2439 μή
1354 2398 1487 2437 ἴχουσαν
1511 2398 1623 2428 σπῖλον
1652 2398 1706 2426 καὶ
1728 2396 1862 2436 ῥυτίδα,
1895 2404 1996 2435 que-

239 2448 313 2489 jnm
339 2447 579 2478 Wakefieldius
610 2446 694 2476 Silv.
719 2446 796 2477 crit.
827 2444 867 2475 T.
887 2443 921 2480 l,
951 2441 1065 2484 p.148
1095 2442 1314 2483 comparavit.
1370 2441 1471 2481 Quod
1497 2441 1526 2472 si
1556 2444 1647 2471 recte
1670 2439 1772 2475 vidit,
1800 2437 1997 2478 dignissima

245 2496 316 2527 est,
351 2501 450 2533 quam
473 2491 795 2525 animadvertamus,
831 2487 1035 2528 subscriptio
1065 2487 1192 2516 codicis
1214 2486 1367 2516 Thuanei
1396 2485 1496 2526 primi
1522 2485 1612 2525 apud
1634 2482 1862 2514 Achainuiun
1891 2481 1932 2511 T.
1949 2481 1997 2517 u,

243 2546 277 2576 p.
298 2534 358 2565 34:
388 2534 570 2565 «luvenalis
592 2545 633 2564 ex
656 2531 902 2576 orel-nymphia
921 2529 1035 2561 Bedae
1053 2530 1256 2572 presbyteri,
1288 2529 1322 2559 h.
1340 2540 1370 2559 e.
1396 2529 1506 2560 Bedae
1525 2527 1755 2561 Venerabilis,
1784 2534 1883 2566 quem
1906 2525 1998 2555 cirea

243 2590 367 2609 annum
392 2578 457 2608 700
481 2589 517 2619 p.
537 2577 617 2608 Chr.
641 2587 796 2617 magnum
821 2576 1034 2616 antiquarum
1057 2574 1230 2604 literarum
1254 2574 1419 2604 fautorem
1442 2573 1478 2603 in
1505 2571 1678 2603 Britannia
1700 2568 1871 2606 novimum
1897 2579 1997 2610 quem

243 2623 272 2653 ai
296 2622 474 2652 statuimus
496 2622 531 2651 in
555 2620 756 2660 corrigendo
780 2622 878 2661 poeta
905 2617 1082 2650 deterioris
1105 2617 1199 2646 illius
1222 2617 1429 2647 recensionis
1452 2615 1632 2655 exemplari
1654 2623 1748 2644 nsum
1772 2622 1865 2648 ene,
1898 2612 1999 2653 cuju·

243 2666 498 2707 palimpsestum
514 2664 713 2696 Vaticanum
739 2663 878 2703 vestigia
900 2663 1018 2696 refert,
1042 2659 1127 2691 nihil
1153 2660 1272 2690 mirum
1295 2660 1390 2689 illius
1413 2659 1645 2691 auctoritatem
1669 2656 1806 2687 eandem
1829 2656 1998 2687 recentio-

243 2720 318 2740 nem
344 2709 515 2752 plerisque
547 2709 606 2750 qui
635 2711 751 2750 postea
780 2707 981 2737 exstiterunt
1003 2704 1152 2734 librariis
1181 2704 1442 2734 commendasse.
