2271 2949
971 198 1036 202 ,r
1113 163 1185 216 15
1260 196 1324 202 -

268 317 358 343 esse
386 302 580 353 videatur,
621 303 693 357 qui
720 318 800 357 quo
829 304 989 358 saepius
1017 304 1067 343 ab
1094 304 1165 343 illa
1193 302 1243 342 ad
1271 301 1484 343 Pithoeum
1516 301 1765 342 redeundum
1793 316 1885 343 esse
1912 304 2028 343 intel-

267 356 466 405 lexerunt,
506 370 553 395 eo
580 356 715 395 minus
744 356 823 395 sibi
850 357 893 396 in
922 356 997 406 eis,
1037 371 1139 410 quae
1167 355 1298 395 nihilo
1325 356 1463 395 minus
1492 354 1556 394 illi
1584 368 1838 406 concessere,
1878 357 2029 396 consti·
2064 379 2067 382 >

267 415 416 448 terunt.
478 407 533 448 Et
559 408 814 463 Rupertium‚
851 409 921 463 qui
949 409 1105 453 nullum
1132 408 1298 449 omnino
1326 408 1496 459 librum,
1536 420 1657 461 quem
1714 415 1844 448 raeter
1871 415 2028 449 ceteros

267 468 478 515 sequatur,
506 461 645 512 habet,
681 461 777 500 item
800 461 1002 503 Weberos
1030 468 1071 501 et
1095 461 1315 512 Orellium,
1352 461 1423 514 qui
1451 467 1492 500 et
1517 459 1611 513 ipsi.
1628 474 1676 499 co
1706 461 1812 500 icum
1841 462 2028 501 subsidio

266 514 393 567 magis
428 529 549 569 quam
587 514 821 554 auctoritate
860 514 926 554 usi
964 520 1081 566 sunt,
1131 528 1240 554 nunc
1278 513 1511 565 mittamus3
1562 511 1636 552 sed
1671 528 1723 553 ne
1760 513 2027 554 Hcinrichius

265 565 467 619 quidem,'
492 573 537 605 nt
563 567 762 617 diximus,
804 568 985 621 quamvis
1022 566 1279 620 sagacissime
1315 566 1518 606 interdum
1552 564 1800 605 pithoeanae
1835 567 2026 606 lectionis

264 618 473 658 veritatem
498 618 625 657 tuitus
649 618 717 669 sit,
746 633 904 661 omnem
926 618 1321 673 ejus‘praestantiam
1343 619 1398 658 ita
1418 618 1600 671 agnovit,
1631 624 1676 657 ut
1698 632 1783 658 non
1803 618 2027 659 identidem

266 670 316 710 ad
342 671 503 709 eosdem
531 671 664 710 fontes
699 671 965 723 relaberetur,
1005 686 1176 725 quorum
1211 671 1477 725 corruptelam
1511 671 1601 724 ipse
1631 670 1730 711 alibi
1765 671 2027 711 acerbissime

266 722 521 777 exagitasset.
588 722 657 763 Sic
689 723 868 763 Codrum
895 738 969 778 pro
1002 724 1134 764 Cordo
1161 723 1195 763 Ι.
1216 723 1244 761 2
1274 738 1321 763 eo
1358 730 1592 776 argumento
1627 723 1835 775 defendit,
1877 730 1922 763 ut
1948 725 2026 763 boc

265 775 429 815 nomine
455 776 660 826 hominem
679 776 916 817 Romanum*
929 777 1079 822 offendi
1105 776 1287 830 potuisse
1312 777 1433 825 dicat,
1463 777 1580 838 quasi
1607 776 1727 816 talem
1756 776 2026 817 offensionem

264 827 474 869 Juvenalis
504 834 572 867 aut
599 827 697 867 alibi
723 827 766 867 in
795 828 1028 868 nominibus
1057 829 1233 868 romanis
1261 828 1519 882 usurpandis,
1547 836 1617 869 aut
1643 828 1687 867 in
1717 829 1820 883 ipsis
1848 828 2024 869 misellis

265 880 396 933 poetis
434 879 709 920 describendis
747 881 782 920 I.
810 882 868 920 80
903 888 942 921 et
976 882 1072 921 Vll.
1100 881 1152 920 12
1194 881 1375 930 evitat-it,
1425 882 1494 920 ubi
1531 896 1614 921 nou
1652 881 1787 920 minus
1825 881 2024 921 obscuros

269 933 538 980 Cluuianum,
577 933 796 982 Paccium,
832 934 1059 982 Faustum,
1098 939 1137 972 at
1174 932 1262 972 sine
1297 933 1419 973 dubio
1452 933 1558 974 veris
1590 934 1825 974 nominibus
1861 940 2024 973 notatos

264 985 460 1038 legimus,
507 985 566 1024 sic
594 984 679 1024 Sat.
704 986 780 1025 Vl.
805 986 883 1025 123
919 987 1099 1026 constitit
1132 1000 1206 1038 pro
1241 988 1440 1038 prostitit,
1478 986 1559 1025 386
1593 1001 1686 1027 cum
1709 988 1839 1038 farre
1873 1001 1949 1040 pro
1984 994 2024 1027 et

263 1039 401 1089 farre,
437 1037 516 1076 401
548 1039 701 1077 strictis
728 1052 803 1091 pro
830 1039 946 1078 siccis
973 1045 1110 1078 nostra
1137 1038 1299 1091 quidem
1329 1038 1527 1077 sententia
1553 1039 1896 1078 inconsideratius
1925 1039 2020 1077 reti-

266 1090 378 1140 nuit,
415 1104 490 1129 nec
518 1089 645 1143 magis
702 1090 904 1141 robamus,
945 1090 1053 1144 quod
1081 1089 1165 1130 Sat.
1195 1090 1286 1129 VII.
1304 1091 1354 1130 91
1384 1091 1530 1144 plurali
1558 1106 1725 1131 numero
1757 1092 1918 1131 Boreas
1947 1106 2022 1144 pro

266 1141 486 1195 singulari,
527 1141 623 1180 item
718 1144 738 1181 1
777 1144 1003 1195 triumphos
1037 1149 1076 1181 et
1112 1142 1190 1180 144
1221 1142 1389 1181 Cossum
1452 1157 1496 1181 ro
1528 1144 1652 1182 Gallo
1692 1145 1826 1196 legere
1862 1145 2020 1193 maluit,

264 1201 333 1233 aut
359 1192 445 1233 Sat.
470 1193 582 1233 VIII.
607 1194 687 1233 189
712 1196 907 1247 eripietur
932 1209 1006 1248 pro
1034 1196 1252 1247 eripiatur,
1287 1194 1364 1233 IX.
1468 1195 1673 1234 celebrare
1700 1209 1774 1248 pro
1802 1196 2021 1245 scelerare,

264 1247 320 1285 X.
342 1247 392 1284 61
422 1248 606 1285 stridunt
631 1260 704 1298 pro
731 1248 928 1296 strident,
966 1247 1043 1285 XI.
1068 1247 1147 1285 1¹8
1173 1250 1217 1286 in
1246 1261 1446 1299 usus.pro
1475 1248 1529 1286 ad
1555 1262 1681 1295 usus,
1721 1247 1840 1286 XIII.
1862 1249 1917 1286 65
1951 1251 2023 1288 mi·

264 1301 378 1340 ronti
414 1313 487 1353 pro
524 1299 749 1355 mirandis,
790 1297 909 1339 XIV.
934 1301 980 1339 ss
1017 1314 1143 1353 puero
1179 1313 1253 1354 pro
1288 1313 1484 1353 puerum,
1530 1299 1625 1340 XV.
1650 1299 1729 1339 154
1765 1300 1909 1341 limine
1947 1314 2022 1355 pro

266 1355 414 1401 limite,
456 1352 573 1390 XVI.
594 1353 648 1390 42
681 1353 843 1392 inchoet
876 1367 949 1405 pro
985 1354 1152 1391 inchoat
1187 1352 1369 1405 scripsit,
1409 1367 1508 1405 quas
1545 1368 1685 1392 omnes
1722 1353 1918 1393 lectiones
1955 1362 2023 1393 aut

265 1411 399 1460 aperte
427 1404 661 1445 Pithoeanis
690 1404 829 1461 cedere
856 1411 923 1444 aut
950 1411 1055 1456 certe
1081 1404 1192 1445 nulla
1218 1419 1262 1443 re
1289 1405 1360 1444 lias
1397 1419 1584 1458 superare
1611 1405 1781 1445 fidenter
1812 1405 2022 1446 contendi-

265 1473 370 1498 muS.
440 1458 630 1497 Constitit
656 1464 761 1496 certe
787 1458 987 1510 quomodo
1016 1472 1066 1496 ex
1095 1456 1274 1509 prostitit
1306 1466 1435 1496 ortum
1470 1458 1545 1508 sit,
1584 1459 1895 1511 palaeographia
1923 1459 2022 1498 satis

266 1510 404 1559 docet,
446 1509 647 1563 quomodo
682 1508 904 1562 elegantius
939 1510 1003 1548 vel
1038 1508 1276 1548 Heinrichio
1312 1509 1441 1548 videri
1476 1510 1676 1562 potuerit,
1718 1510 1785 1548 vix
1824 1508 2021 1563 explices,

264 1577 388 1614 quum
409 1564 635 1601 consistere
660 1560 711 1599 ad
736 1561 885 1611 locum,
911 1568 1097 1613 prostare
1124 1561 1174 1599 ad
1197 1567 1407 1613 quaestum
1429 1568 1469 1600 ct
1490 1561 1781 1614 impudentiam
1804 1562 2021 1615 pertineat,

265 1615 314 1653 dc
349 1627 428 1668 qua
467 1613 551 1651 sola
577 1612 672 1651 illic
709 1612 864 1674 agitur3
907 1626 982 1650 nec
1019 1627 1128 1651 cum·
1145 1614 1261 1662 farre
1296 1613 1424 1665 magis
1463 1613 1661 1651 sermonis
1699 1614 1793 1651 usui
1830 1615 2023 1652 convenit

264 1681 383 1719 quam
419 1665 591 1717 simplex
624 1664 842 1714 ablanvus,
884 1664 956 1718 qui
991 1680 1063 1704 cur
1096 1664 1236 1704 iterato
1264 1672 1302 1704 et
1336 1680 1427 1704 cum
1459 1665 1645 1718 sequenti
1680 1667 1775 1705 vino
1805 1665 2021 1719 jungatur,

265 1717 383 1757 facile
411 1716 680 1766 existimabit,
719 1715 791 1769 qui
816 1718 888 1767 far
914 1723 954 1755 et
980 1719 1123 1756 vinum
1151 1718 1230 1755 duo
1259 1717 1416 1755 diversa
1444 1716 1731 1756 sacrificiorum
1760 1732 1913 1770 genera

265 1785 354 1811 cere
390 1768 670 1822 recogitaverit
690 1769 771 1823 1⁷),
811 1783 906 1808 mox
932 1775 1063 1809 autem
1090 1785 1130 1810 v.
1148 1769 1228 1810 39ss
1250 1784 1340 1823 sqq.
1370 1784 1454 1810 non
1482 1768 1613 1809 solum
1640 1785 1748 1830 quae
1774 1784 1849 1824 pro
1877 1784 2021 1829 quam,

265 1823 337 1861 sed
372 1822 491 1860 etiam
525 1822 654 1859 siccas
698 1820 894 1859 mamillas
938 1836 1013 1875 pro
1055 1824 1207 1861 strictis
1244 1822 1427 1874 quamvis
1473 1822 1638 1874 antiqua
1674 1823 1864 1861 varietate
1902 1823 2022 1862 unice

264 1883 370 1915 recte
402 1873 484 1935 legi
519 1880 656 1913 contra
683 1888 822 1914 omnes
853 1873 1089 1915 recentioris
1117 1873 1256 1915 aetatis
1285 1873 1457 1915 editores
1486 1880 1625 1915 nostro
1654 1875 1748 1929 jure
1776 1874 2021 1919 contendere

265 1927 383 1968 nobis
422 1926 617 1967 videmur.
694 1926 750 1966 Et
783 1939 908 1984 quam
972 1927 1104 1967 uidem
1141 1927 1362 1981 postularet
1393 1928 1506 1980 ferat
1540 1928 1675 1981 potius
1714 1942 1805 1967 cum
1839 1928 2023 1980 pervolet

265 1979 599 2034 comparandum,
637 1994 756 2041 quam
782 1981 908 2031 possit
957 1995 1063 2028 erre,
1103 1981 1147 2020 in
1175 1995 1255 2042 quo
1283 1995 1366 2021 non
1394 1980 1498 2024 actio
1527 1980 1600 2020 sed
1627 1981 1796 2022 facultas
1825 1980 2021 2030 cernitur,

265 2048 385 2089 quam
411 2033 532 2086 longe
559 2038 707 2073 rectms
736 2046 827 2072 cum
854 2032 1112 2073 antecedente
1139 2032 1336 2087 adjectivo
1365 2033 1509 2073 audax
1537 2041 1769 2088 compares:

582 2087 724 2135 audax
757 2092 795 2124 et
822 2093 957 2125 coetus
990 2101 1097 2143 quoae
1127 2089 1256 2139 possit
1273 2087 1390 2138 ferre
1416 2088 1626 2137 virorum,

267 2135 427 2180 strictae
460 2150 555 2179 vcro
582 2137 801 2189 mamillae,
840 2136 884 2177 id
916 2143 978 2178 est
1010 2137 1182 2178 nudatae
1209 2144 1248 2178 et
1275 2138 1392 2193 quasi
1422 2145 1696 2202 provocantes·
1719 2138 1784 2175 vel
1812 2138 2023 2176 certamini
2064 2179 2067 2182 ,

266 2199 441 2254 paratae,
470 2199 515 2229 ut
541 2191 786 2230 meretriciae
813 2192 1047 2243 procacitati
1074 2193 1244 2231 maxime
1273 2199 1535 2241 conveniunt,
1564 2191 1619 2230 ita
1644 2192 1694 2230 ab
1722 2191 1812 2242 ejus
1841 2190 2022 2230 mulieris

267 2243 419 2295 indole,
448 2257 550 2308 quac
577 2257 686 2283 nunc
714 2257 737 2281 a
762 2242 959 2284 Juvenale
979 2243 1235 2295 describitur,
1264 2257 1430 2298 prorsus
1452 2242 1607 2282 alienae
1628 2249 1748 2293 sunt,
1776 2257 1879 2296 quac
1899 2256 2023 2296 quum

267 2312 349 2337 non
378 2298 430 2337 ob
457 2296 750 2359 impudicitiam
784 2296 857 2335 sed
891 2297 943 2335 ob
974 2296 1246 2336 curiositatem
1280 2297 1536 2349 animumque
1570 2296 1689 2336 etiam
1725 2295 1901 2335 mascula
1928 2310 2024 2335 con-

267 2350 494 2391 versatione
522 2349 831 2403 imperterritum
858 2355 1042 2400 notetur,
1075 2349 1229 2389 tantum
1257 2349 1370 2390 abest
1396 2355 1441 2388 ut
1467 2363 1541 2403 pro
1568 2349 1663 2389 volu
1692 2347 1822 2388 tuaria
1848 2347 2025 2387 describi

296 2403 414 2454 ossit,
451 2408 496 2441 ut
524 2416 615 2441 cum
642 2402 883 2441 verecundia
911 2401 1033 2441 simu}
1060 2403 1179 2441 etiam
1207 2402 1521 2441 imbecillitatem
1549 2408 1589 2440 et
1615 2402 1665 2440 dc
1682 2401 1779 2440 ’cias
1807 2399 2023 2439 muliebres

266 2418 522 2510 deposuerit,
562 2454 747 2510 interque
784 2454 893 2495 viros
931 2469 1014 2495 non
1050 2455 1178 2510 magis
1216 2470 1336 2510 quam
1371 2454 1452 2509 ipsi
1488 2453 1567 2494 viri
1601 2453 1772 2509 trepidet
1807 2451 2024 2502 sudansve,

268 2516 313 2547 ut
339 2509 472 2548 Persii
498 2507 632 2546 verbis
661 2515 834 2558 utamur,
860 2514 1019 2561 pectore
1043 2509 1158 2547 laevo
1182 2511 1363 2548 excutiat
1385 2515 1541 2561 mattas,
1570 2522 1689 2560 quam
1711 2506 1839 2583 ipsam
1863 2505 2026 2546 sudoris

268 2569 308 2603 et
334 2559 615 2618 trepidationis
639 2560 860 2601 absentiam
887 2561 1005 2602 siccis
1032 2559 1221 2603 mamillis
1245 2559 1439 2601 declarari
1461 2559 1698 2600 arbitramur
1716 2559 1728 2583 ¹
1752 2558 1785 2613 ).
1842 2557 2027 2598 Plurales

360 2688 413 2729 1⁷)
438 2688 492 2720 cr.
522 2666 661 2721 nomi.
688 2689 787 2721 nina.
815 2689 872 2720 ix.
898 2687 982 2720 ⁴962
1020 2689 1116 2732 ιωρῇ
1145 2700 1179 2719 τε
1211 2691 1301 2731 „raon
1332 2699 1384 2719 w
1421 2684 1576 2727 Aesehyl.
1603 2684 1723 2727 suppl.
1749 2682 1834 2715 ⁹5⁹2
1873 2683 1964 2716 aa...
1996 2697 2030 2716 n

222 2766 227 2770 ,
253 2735 382 2772 4λείβειν
413 2745 447 2764 τε
477 2734 618 2768 σπονδάς
648 2738 712 2764 etc.
738 2751 779 2756 -—
840 2733 894 2772 18)
918 2733 972 2763 Ct'.
1000 2734 1090 2763 Pers.
1117 2732 1162 2762 11.
1190 2731 1245 2769 53,
1277 2732 1331 2763 cui
1359 2731 1507 2773 proxime
1532 2731 1697 2762 accedunt
1722 2730 1831 2771 ipsius
1853 2729 2031 2761 seven-lis
