2271 2949
909 135 974 138 „m
1073 103 1110 153 6
1200 134 1269 140 -.

211 245 380 297 carptim
417 244 486 282 sed
524 242 710 281 universe
748 250 1019 296 spectassent,
1065 243 1278 295 fontesque
1315 255 1451 280 eorum
1488 245 1526 279 et
1549 237 1765 287 *affinitates
1803 243 1962 296 strenue

211 296 413 349 persecuti
441 301 593 344 essent,
622 302 682 333 tot
709 296 800 334 aliis
827 296 929 334 locis
962 295 1175 348 corruptos·
1200 301 1237 333 ct
1266 294 1428 332 fallaces
1456 291 1720 340 invenissent,
1758 297 1802 327 ut
1828 303 1877 327 nc
1905 289 1961 327 ibi

211 348 396 410 quidem,
434 346 505 385 ubi
532 361 607 408 per
634 361 677 386 se
705 346 932 386 tolerabiles
961 348 1155 387 lectiones
1182 346 1440 400 praeberent,
1470 351 1606 384 contra
1634 343 1801 382 aliorum
1829 348 1962 381 aucto-

211 407 367 439 ritatem
395 399 474 439 fide
503 399 649 452 dignos
678 398 928 438 habuissent.
999 399 1068 439 Sic
1097 407 1141 438 ut
1166 400 1243 438 hoc
1279 405 1458 449 utamur,
1498 397 1541 436 in
1569 397 1695 449 prima
1723 394 1853 434 Satira
1880 394 1962 432 Ru-

211 453 362 505 pertius
392 458 500 490 recte
530 451 680 504 sprevit
705 450 899 490 lectiones
928 466 966 490 v.
985 452 1039 490 46
1069 458 1251 504 prema-t,
1287 465 1326 489 v.
1347 450 1399 489 74
1424 451 1606 508 aliquid,
1645 463 1684 487 v.
1704 446 1785 486 106
1812 447 1961 501 majus,

210 520 248 543 v.
268 506 344 544 131
376 506 580 557 mingere,
618 519 656 542 v.
677 504 755 541 139
774 504 912 554 seret,
949 519 988 542 v·.
1009 505 1088 542 158
1115 505 1303 550 vehatur,
1343 518 1382 541 v.
1402 504 1477 541 161
1508 516 1670 548 verum,
1706 514 1745 538 ν.
1766 500 1846 538 169
1872 500 1962 537 ani-

211 564 351 595 mante
379 557 501 606 tuba,
537 570 586 593 ex
613 555 764 594 eisdem
791 561 923 594 tamen
952 556 1185 606 codicibus,
1215 569 1315 610 qnos
1344 556 1419 594 hoc
1447 555 1536 608 ipso
1558 551 1715 606 judicio
1743 551 1959 600 deteriores

211 608 451 656 declaravit,
490 622 527 652 v,
545 607 573 644 2
604 606 727 646 Codri
753 622 827 659 pro
860 607 986 646 Cordi
1013 615 1052 647 ct
1078 623 1117 647 v.
1138 608 1217 647 134
1245 608 1381 646 caules
1407 621 1480 660 pro
1508 606 1660 651 caulis,
1699 603 1960 642 Heinrichius

213 676 330 711 vero,
369 661 463 702 dum
490 659 621 698 caulis
648 659 818 709 retinet,
855 667 1015 712 premat
1044 666 1083 698 et
1098 662 1214 712 seret
1239 660 1283 698 in
1312 659 1492 698 ordinem
1519 657 1691 719 recepit,
1730 670 1804 695 nec
1831 655 1963 694 minor

211 713 254 752 in
282 710 543 765 sequentibus
570 711 842 750 inconstantia
864 719 1043 765 apparet,
1074 719 1117 750 ut
1144 711 1302 760 Sat.11‚
1332 711 1401 750 uhi
1428 726 1479 749 ne
1497 709 1756 749 Achamtrius
1785 707 1961 760 quidem,

210 765 392 817 quamvis
422 777 563 801 caecus
593 769 785 807 externae,
809 764 961 817 speciei
989 770 1176 814 sectator,
1212 763 1360 803 nedum
1386 769 1582 802 nostrates
1609 775 1648 800 v.
1668 761 1725 799 80
1749 760 1962 813 prurigine

210 822 277 854 aut
313 830 351 853 v.
379 815 434 853 92
473 814 662 868 Cocyton,
687 822 755 854 aut
789 831 828 855 v.
854 817 934 855 139
969 818 1014 855 in
1051 831 1216 868 corpore
1252 822 1319 854 aut
1353 813 1392 854 v.
1418 814 1497 854 14ss
1529 813 1750 870 Paulisque
1784 811 1962 864 recipere

210 868 511 916 sustinuerunt,
553 882 628 906 nec
656 873 787 906 tamen
816 868 1050 907 melioribus
1079 868 1307 906 auctoribus
1335 868 1518 917 nituntur
1551 865 1742 904 lectiones
1778 877 1817 902 v.
1838 863 1864 901 5
1899 865 1961 902 in-

208 921 350 958 venias
386 932 460 971 pro
497 920 705 965 invenies,
745 935 784 958 v.
805 919 1108 959 36.Lauronia
1143 934 1216 973 pro
1253 920 1463 967 Laronia,
1504 934 1543 957 v.
1564 918 1616 956 38
1651 918 1705 955 ml
1735 931 1853 975 quem
1917 930 1962 955 ro

210 979 333 1029 atque
368 973 453 1019 ita,
502 986 541 1010 v.
571 971 625 1010 44
661 970 848 1011 Scatinia
884 986 958 1024 pro
999 972 1241 1021 Scantinia,
1289 987 1329 1011 v.
1356 973 1410 1010 68
1445 971 1620 1010 Labulle
1659 984 1731 1023 pro
1768 968 1963 1016 Fabula,

209 1038 247 1063 v.
267 1025 320 1062 97
348 1023 532 1076 ⁴qalbana
559 1037 633 1076 pro
660 1024 849 1079 galbina,
886 1039 924 1063 v.
944 1024 1027 1063 140
1053 1027 1282 1064 morientur
1309 1039 1331 1063 a
1357 1023 1569 1076 Rupertio,
1596 1022 1819 1083 partimque
1846 1021 1964 1060 etiam

210 1091 232 1114 a
260 1076 442 1115 Webero
480 1082 650 1127 utroque
686 1077 899 1127 probatae,
942 1076 1064 1114 immo
1100 1083 1249 1129 quanto
1286 1075 1561 1114 manifestiora
1594 1088 1637 1113 in
1673 1072 1963 1135 posterioribus

207 1127 325 1166 libris
362 1126 687 1180 interpolationis
725 1134 957 1181 argumenta
985 1134 1165 1180 exstant,
1204 1142 1251 1168 eo
1280 1126 1554 1167 admirabilius
1589 1140 1741 1179 passim
1768 1123 1962 1164 editorum

202 1178 406 1230 judicium
433 1180 631 1229 occurrit,
672 1180 742 1233 qui
771 1194 873 1232 quos
900 1180 1026 1219 libros
1055 1181 1098 1218 in
1134 1180 1384 1233 gravissimis
1419 1178 1611 1231 exemplis
1639 1177 1740 1216 fidos
1775 1183 1962 1230 tutosque

207 1231 331 1269 duces
361 1231 623 1282 invenerunt,
661 1231 823 1270 eosdem
847 1231 945 1270 'alibi
974 1231 1193 1271 levissimis
1218 1232 1267 1271 de
1298 1231 1430 1270 causis
1459 1230 1696 1269 adversariis
1717 1228 1960 1282 postferunt,

207 1283 383 1334 dumque
417 1283 467 1320 ad
502 1283 591 1335 ipsa
624 1288 766 1336 poetae
794 1284 914 1322 verba
941 1284 1073 1322 redire
1110 1284 1188 1321 sibi
1216 1284 1426 1332 videntur,
1467 1297 1553 1319 cam
1580 1281 1764 1320 lectionis
1794 1281 1961 1320 formam

207 1334 414 1384 exhibent,
443 1348 562 1388 quam
583 1350 634 1374 ne
655 1334 865 1374 librarium
890 1334 1052 1389 quidem
1077 1331 1204 1375 ullum
1225 1350 1299 1388 pro
1324 1350 1395 1374 sna
1417 1341 1655 1387 agnoturum
1676 1348 1764 1373 esse
1790 1340 1958 1373 constet.

205 1385 319 1437 Quae
347 1402 470 1439 quum
504 1387 559 1425 ita
589 1388 693 1437 sint,
736 1389 801 1426 vel
834 1388 922 1438 ejus
959 1388 1061 1425 ratio
1095 1395 1298 1448 praestare
1330 1387 1534 1434 videatur,
1573 1387 1644 1438 qui
1673 1385 1750 1423 alio
1782 1385 1851 1423 uin
1880 1385 1960 1423 dici

204 1451 286 1476 non
326 1444 458 1490 potest
497 1453 617 1492 quam
653 1439 756 1478 miro
795 1445 835 1478 et
871 1453 1061 1491 perverso
1096 1438 1529 1499 Judicioplcrumque
1568 1442 1707 1490 potitae
1745 1400 1961 1475 dlictionem

204 1489 517 1540 existimaverit,
562 1492 699 1530 Caroli
728 1491 944 1530 Schmidtii
981 1491 1317 1540 Bielefcldensis,
1363 1490 1434 1542 qni
1470 1504 1528 1531 ιιι,
1549 1489 1706 1527 delectu
1741 1488 1960 1529 Satirarum

204 1556 239 1579 a.
266 1541 372 1579 1835
407 1542 514 1581 edito
551 1544 636 1583 fere
669 1543 747 1583 soli
781 1543 966 1585 codicum
998 1557 1166 1582 numero
1201 1542 1481 1596 obtemperans
1515 1556 1560 1581 ea
1596 1548 1702 1581 certe
1737 1542 1958 1581 constantia

204 1607 302 1631 usus
332 1601 416 1645 cst,
456 1602 499 1633 ut
527 1595 638 1635 illius
667 1596 942 1646 recensioniS,
962 1629 964 1631 .
984 1611 1103 1649 quam
1131 1595 1327 1648 plurimos
1355 1594 1542 1633 librarios
1571 1601 1730 1632 secutos
1759 1608 1848 1632 esse
1876 1608 1957 1633 cer-

201 1653 287 1684 tum
315 1653 399 1695 est,
437 1647 653 1700 imaginem
681 1649 765 1687 fere
792 1648 951 1701 plenam
981 1655 1019 1687 et
1046 1648 1204 1688 fidelem
1238 1653 1505 1700 proponeret,
1546 1646 1711 1686 eandem
1738 1652 1869 1685 tamen
1897 1661 1957 1686 rc-

202 1697 435 1737 censionem
463 1714 544 1753 quo
567 1700 702 1738 minus
731 1700 937 1739 meliorem
963 1701 1196 1750 habeamus,
1226 1700 1268 1739 id
1295 1700 1429 1753 ipsmn
1456 1698 1658 1752 prohibet,
1688 1699 1730 1738 in
1755 1713 1834 1752 quo
1855 1706 1956 1739 cete·

202 1765 339 1789 rorum
362 1751 561 1791 editorum
583 1753 895 1792 inconstantiam
918 1753 1266 1806 reprehendimuS,
1295 1752 1487 1791 nimirum
1506 1751 1615 1804 quod
1637 1752 1734 1789 hacc
1757 1752 1955 1802 recensio,

199 1803 235 1841 si
264 1803 532 1864 undequaque
561 1811 779 1857 spectetur,
811 1804 935 1842 tantis
964 1805 1214 1858 corruptelae
1243 1803 1372 1857 signis
1402 1809 1551 1853 scatet,
1578 1810 1622 1841 ut
1648 1817 1768 1856 quam
1795 1817 1846 1843 ne
1874 1803 1955 1842 sin-

197 1854 306 1908 gulis
335 1855 500 1908 quidem
535 1856 638 1896 locis
673 1863 759 1896 tuto
788 1856 919 1894 audiri
947 1856 1148 1907 diximus,
1187 1872 1273 1895 cam
1300 1857 1499 1908 integram
1527 1855 1733 1909 sequendo
1762 1869 1956 1894 summam

195 1910 338 1960 potitae
374 1906 568 1959 injuriam
603 1908 762 1948 allaturi
800 1908 941 1946 simus.
1007 1909 1149 1962 Neque
1183 1908 1286 1948 illud
1314 1923 1400 1947 eam
1434 1908 1540 1947 tueri
1573 1913 1733 1960 potest,
1770 1908 1879 1959 quod
1906 1922 1956 1946 ex

196 1964 286 1997 octo
319 1959 403 1996 inta
436 1959 598 1999 circiter
632 1960 865 2009 codicibus,
907 1960 978 2013 qui
1005 1961 1216 2000 Juvenalis
1245 1960 1397 1999 Satiras
1430 1959 1661 2009 continent,
1704 1959 1956 2011 septuaginta

197 1973 371 2063 amplius
402 2010 513 2049 illius
541 2012 713 2065 vestigia
731 2011 943 2062 referunt,
984 2012 1020 2051 si
1048 2012 1211 2074 quidem
1243 2011 1505 2065 palimpsesto
1533 2009 1604 2050 illo
1632 2017 1810 2065 reperto,
1847 2012 1955 2065 quod

195 2062 239 2100 in
272 2062 482 2123 plerisque
518 2064 639 2103 rebus
677 2079 769 2103 cum
805 2064 876 2103 illa
909 2078 1146 2104 recensione
1180 2064 1382 2114 concinit,
1420 2064 1570 2118 primas
1599 2064 1688 2115 ejus
1722 2063 1875 2103 radices
1904 2064 1955 2103 ad

194 2121 359 2154 tertium
387 2130 516 2169 usque
547 2117 750 2155 saeculum
780 2116 980 2168 pertinere
1002 2123 1248 2169 compertum
1271 2122 1356 2166 est,
1386 2116 1495 2170 quod
1518 2115 1554 2154 si
1573 2130 1624 2154 ne
1647 2115 1768 2167 hujus
1821 2116 1954 2156 uidem

193 2173 435 2206 vetustatem
471 2168 679 2207 obstitisse
714 2168 916 2220 vidimus,
964 2183 1044 2230 quo
1078 2168 1213 2206 minus
1241 2182 1390 2221 paucos
1419 2168 1525 2207 intra
1551 2181 1692 2207 versus
1721 2167 1785 2207 foe
1816 2168 1955 2208 issima

192 2219 257 2259 vel
284 2218 396 2272 ncgli
427 2220 558 2260 entiae
586 2221 652 2260 vel
679 2220 1003 2283 interpolationis
1032 2220 1129 2260 vitia
1156 2221 1431 2271 contraheret,
1470 2221 1514 2260 in
1541 2220 1788 2274 reliquorum
1816 2221 1952 2261 existi-

191 2271 369 2311 matione
428 2287 475 2314 oc
505 2274 637 2313 solum
661 2280 807 2313 sectari
833 2288 1067 2326 possumus,
1105 2280 1148 2310 ut
1200 2280 1368 2326 uotquot
1390 2273 1544 2325 insigni
1568 2273 1701 2326 aliqua
1728 2274 1952 2327 corruptela

191 2338 448 2363 communem
477 2325 632 2364 fontem
660 2340 704 2364 ar
734 2332 853 2374 uant,
924 2325 1078 2364 uamvis
1106 2288 1256 2363 muitos
1292 2340 1365 2378 pro
1394 2339 1474 2363 una
1502 2324 1654 2363 familia
1681 2339 1951 2376 numeremus,

189 2375 334 2430 hisque
363 2377 430 2416 vel
458 2377 604 2418 ceteris
633 2377 676 2415 in
704 2340 834 2428 iocis,
875 2391 901 2415 u
932 2377 1108 2429 icunque
1142 2376 1191 2414 ab
1228 2376 1318 2415 aliis
1355 2376 1606 2429 discrepant,
1650 2391 1718 2416 eos
1753 2377 1951 2429 praefera—

187 2442 303 2478 mus,
343 2429 416 2482 qui
444 2429 631 2482 quamvis
660 2429 798 2481 exigui
827 2435 866 2467 ct
893 2429 973 2467 rari
1001 2435 1132 2467 tamen
1162 2428 1244 2467 illis
1274 2428 1430 2466 mendis
1460 2433 1643 2478 careant,
1681 2443 1808 2482 eoque
1836 2431 1950 2482 argu-

186 2487 323 2519 mento
360 2481 544 2520 melioris
582 2481 835 2523 recensionis
873 2480 1148 2519 auctoritatem
1185 2480 1405 2519 vindicent.
1471 2481 1607 2533 Atque
1634 2482 1711 2520 hoc
1745 2487 1828 2532 est,
1869 2496 1950 2536 quo

185 2532 320 2571 omnis
349 2540 489 2573 'nostra
518 2533 742 2596 disputatio
770 2532 964 2583 tetendit,
1008 2539 1052 2570 ut
1087 2532 1142 2570 ita
1177 2532 1335 2571 demum
1370 2540 1477 2572 recte
1507 2533 1726 2594 ponderari
1747 2535 1949 2587 >suffragia

185 2584 493 2639 intelligeretis,
533 2586 605 2626 ubi
626 2585 832 2639 judicium
861 2600 884 2624 a
912 2584 1167 2637 singulorum
1200 2584 1379 2624 locorum
1414 2585 1671 2638 ambiguitate
1699 2586 1748 2625 ad
1777 2586 1949 2639 integro-

183 2651 274 2676 rum
304 2637 491 2678 codicum
514 2639 683 2679 virtutes
714 2651 971 2688 conversum,
1002 2637 1037 2677 si
1066 2650 1168 2690 quos
1198 2637 1316 2675 certis
1345 2638 1502 2691 lateque
1529 2639 1757 2691 patentibus
1781 2639 1948 2679 aliorum
