2271 2949
950 165 1318 216 -9-

191 302 196 306 ’
252 307 478 369 videamur,
518 320 589 360 age
617 306 703 359 jam
739 306 941 361 singulas,
978 322 1146 362 quarum
1174 307 1309 363 aliqua
1337 307 1495 362 species
1524 320 1614 347 esse
1640 307 1796 361 possit,
1832 309 2011 349 curatius

251 374 539 400 examinemus.

358 412 502 453 Statim
529 413 638 467 quod
664 412 796 466 primo
824 413 913 454 loco
941 414 1151 467 posuimus
1178 429 1322 454 verum
1349 427 1425 467 pro
1452 413 1639 464 verbum,
1668 428 1751 454 non
1776 414 1866 454 sine
1891 428 2013 455 causa

252 465 513 505 substitutum
542 466 723 506 videatur
749 466 799 505 ab
827 481 898 518 eo,
937 467 1009 521 qui
1035 467 1140 506 nihil
1167 467 1330 507 satirico
1361 466 1405 505 in
1437 467 1627 520 aequales
1660 466 1782 507 licere
1809 467 1902 508 ideo
1932 451 2041 507 staff

247 525 391 570 tueret,
420 519 515 573 quia
542 519 647 559 nihil
674 518 723 558 de
751 519 810 558 eis
838 519 924 559 veri
950 525 1109 573 praeter
1132 519 1301 560 crimina
1324 519 1459 559 dicere
1485 525 1650 582 posset,
1679 533 1854 574 sequens
1874 527 2009 560 tamen

248 572 315 611 hic
342 578 424 620 est,
459 586 540 625 quo
567 585 710 611 verum
737 571 918 624 proxime
945 573 1177 623 referi-etur,
1214 573 1319 611 nihil
1345 571 1529 610 criminis
1558 572 1764 623 continet,
1800 573 2009 626 multoque

247 624 431 665 acerbius
460 630 536 675 est,
565 623 674 679 quod
699 623 937 665 Juvenalcm
960 623 1174 679 scripsisse
1200 624 1375 675 editores
1398 637 1560 687 quoque
1582 624 1771 679 plerique
1794 625 2007 665 nobiseum

247 678 427 717 sentiunt
453 677 643 724 verbum,
677 677 754 716 hoc
782 684 867 716 est:
910 678 1029 717 modo
1057 692 1203 717 nomen
1230 677 1564 731 pronunciaveris
1592 677 1773 731 digitove
1801 678 2007 718 hominem

245 730 554 781 monstraveris,
597 729 810 768 criminum
836 729 1084 769 conscientia
1110 731 1363 784 perturbatus
1398 736 1671 770 accusatorem
1700 730 1781 770 sibi
1809 730 2007 770 exsistere

245 783 415 837 putabit.
470 782 620 822 Levior
641 795 760 821 causa
780 789 842 822 est
857 782 932 822 Vl.
947 782 1042 834 585,
1071 783 1142 822 ubi
1163 784 1322 823 dabunt
1341 789 1448 823 certe
1469 789 1509 822 et
1517 783 1633 837 feret
1653 782 1795 823 eodem
1814 782 2003 834 redeunt,

220 837 340 875 'inde
365 842 498 874 tamen
531 849 605 888 pro
633 835 739 874 Indo
766 835 1060 875 intolerabilem
1094 836 1158 875 lan
1190 851 1325 876 uorem
1360 837 1497 887 affert,
1535 836 1607 875 sed
1633 851 1686 876 ne
1713 836 1809 876 Vll.
1826 836 1887 875 60
1912 837 2003 891 qui-

244 888 334 928 dem
363 888 545 942 quamvis
574 887 691 926 docta
717 887 838 927 lectio
864 901 970 927 sana
992 887 1166 941 'prohibe
1195 887 1249 939 it,
1285 902 1365 950 quo
1392 888 1527 927 minus
1560 888 1673 927 illius
1706 896 1911 929 auctorem
1939 889 2002 927 in·

243 941 400 994 signem
427 945 567 994 poetae
594 940 677 979 vim
704 939 891 979 intulisse
919 953 1145 993 arguamus,
1206 940 1370 980 Scilicet
1390 940 1678 980 obversabatur
1696 941 1808 981 illam
1828 941 2001 995 fingenti

240 993 515 1043 Democritus,
549 1006 669 1047 quem
685 992 878 1031 Horatius
906 1006 1030 1041 ,savios
1051 993 1248 1034 Helicone
1270 998 1408 1047 poetas
1436 993 1654 1034 excludere
1681 994 1738 1032 ait
1758 995 1829 1048 1⁵),
1865 1007 2000 1048 neque

242 1046 358 1086 aliter
385 1044 634 1085 Scholiasta:
671 1045 815 1084 dicunt
840 1059 938 1084 nam
966 1047 1049 1085 nisi
1075 1047 1271 1086 insanum
1296 1051 1454 1099 poetam
1480 1058 1567 1086 esse
1593 1060 1678 1085 non
1703 1056 1852 1099 posse,
1881 1052 1922 1085 at
1948 1046 1999 1086 de

241 1098 401 1136 insania
429 1098 514 1137 sive
542 1098 678 1136 furore
705 1102 912 1150 poetarum
939 1099 1069 1137 obiter
1094 1105 1248 1137 tantum
1275 1098 1455 1151 loquitur
1479 1098 1714 1149 Juvenalis,
1757 1105 1878 1152 caput
1906 1112 1997 1138 sen-

240 1150 389 1191 tentiae
414 1157 479 1190 'est
513 1163 697 1190 curarum
723 1150 925 1200 vacuitas,
961 1165 1062 1205 quae
1090 1150 1170 1190 nisi
1199 1157 1333 1190 saturo
1362 1156 1401 1189 et
1427 1148 1624 1204 opulento
1646 1150 1885 1205 contingere
1912 1164 1998 1191 non

239 1210 395 1256 potest,
435 1209 679 1256 quapropter
705 1202 823 1241 nobis
852 1203 1018 1241 dubium
1045 1218 1127 1243 non
1155 1211 1235 1253 est,
1274 1204 1373 1256 quin
1402 1210 1595 1242 moestam
1622 1207 1741 1256 poeta
1768 1202 1996 1257 scripserit,

238 1256 305 1296 cui
334 1270 459 1309 quum
495 1255 598 1295 alius
633 1254 771 1294 itidem
799 1255 964 1294 Horatii
998 1270 1172 1306 memor,
1221 1269 1339 1318 quem
1373 1262 1506 1294 tamen
1542 1256 1668 1304 multo
1704 1256 1836 1294 rarius
1874 1269 1997 1310 quain

237 1310 402 1347 Persius
437 1308 647 1348 Juvenalis
683 1308 870 1360 respicit,
910 1321 1074 1347 saevam
1111 1308 1409 1358 substituisset,
1449 1307 1569 1347 facile
1603 1308 1693 1347 fieri
1728 1315 1911 1361 poterat,
1951 1316 1998 1348 nt
2039 1348 2045 1352 ,

237 1361 389 1400 sciolus
431 1360 656 1410 diorthota,
716 1359 922 1399 doctrinae
961 1360 1220 1400 ostentandae
1260 1373 1380 1414 quam
1422 1360 1645 1399 sententiae
1692 1361 1996 1401 conservandae

236 1413 457 1463 curiosior,
499 1413 541 1450 in
576 1411 668 1450 illas
703 1411 877 1464 argutias
913 1412 1122 1451 incideret.
1178 1413 1263 1451 Nec
1295 1413 1431 1450 minus
1464 1427 1504 1451 v.
1521 1412 1601 1451 124
1633 1412 1755 1452 lectio
1788 1414 1890 1503 petit
1918 1427 1995 1466 pro

236 1465 328 1505 licet
363 1464 600 1505 correctoris
637 1477 798 1502 manum
833 1463 990 1518 prodit,
1029 1464 1157 1518 legem
1186 1464 1369 1503 Cinciam
1403 1464 1469 1503 vel
1502 1463 1640 1526 potius
1668 1463 1774 1503 Clau
1804 1464 1835 1503 ii
1865 1464 1977 1504 Nero

235 1519 382 1572 nisque
409 1518 594 1557 instituta
619 1517 861 1570 ignorantis,
890 1517 960 1570 qui
979 1517 1201 1557 mercedem
1220 1532 1294 1570 pro
1315 1516 1552 1570 patrociniis
1573 1516 1658 1557 acci
1689 1516 1851 1557 iendam
1870 1517 1994 1558 (leno-

234 1585 322 1609 rum
357 1570 530 1610 millium
566 1584 720 1608 sumina
754 1576 1092 1622 temperaverant,
1131 1584 1251 1632 quam
1278 1569 1432 1623 egressi
1467 1576 1636 1623 repetun
1690 1583 1779 1608 rum
1805 1576 1993 1610 teneren-

233 1630 299 1662 tur
319 1623 399 1677 14)3
447 1622 664 1684 eademque
699 1621 800 1661 ratio
837 1628 898 1660 est
932 1623 997 1660 lan
1029 1622 1114 1660 uidi
1149 1622 1260 1660 illius
1297 1629 1345 1660 ut
1378 1621 1550 1661 redeant
1582 1628 1758 1672 veteres,
1803 1622 1915 1675 quod
1948 1623 1992 1661 in

235 1675 447 1715 Ciceronis
483 1681 687 1714 mentione
721 1681 863 1728 sponte
897 1674 980 1713 inte
1015 1674 1161 1728 igitur,
1198 1674 1322 1714 altera
1353 1688 1449 1714 vero
1483 1673 1603 1714 lectio
1624 1674 1802 1727 fidimus
1829 1674 1992 1734 eloquio

233 1729 298 1766 vel
334 1727 425 1765 ideo
460 1726 686 1765 necessaria
711 1734 806 1776 est,
851 1726 946 1779 quia
981 1733 1074 1779 post
1107 1727 1337 1765 universam
1370 1727 1540 1765 miserae
1576 1726 1874 1767 causidicorum
1910 1727 1992 1766 for-

233 1787 354 1818 tunae
382 1778 674 1817 enarrationem
703 1779 821 1817 etiam
850 1779 888 1816 ei
915 1777 1136 1829 objectioni
1161 1778 1453 1817 occurrendum
1474 1784 1579 1827 erat,
1608 1792 1711 1831 quae
1736 1779 1993 1832 eloquentiae

234 1838 340 1871 certe
375 1830 659 1885 praestantiam
693 1830 765 1869 tali
799 1836 906 1869 sorte
942 1830 1160 1869 immunem
1196 1830 1283 1870 fore
1318 1829 1590 1869 arbitraretur.
1654 1829 1718 1870 De
1754 1829 1842 1870 Sat.
1872 1829 1989 1870 vm.

234 1899 273 1923 v.
295 1885 336 1934 7,
374 1883 469 1937 quia
496 1882 657 1936 longior
683 1882 902 1936 disputatio
931 1889 1016 1931 est,
1053 1896 1162 1921 nunc
1188 1884 1266 1922 hoc
1293 1888 1449 1921 tantum
1476 1896 1710 1933 monemus,
1749 1882 1786 1921 si
1813 1883 1915 1937 quid
1941 1896 1990 1922 eo

235 1937 277 1974 in
305 1937 395 1974 loco
424 1935 647 1973 insiticium
690 1935 766 1984 sit,
805 1934 1085 1982 antecedentes
1121 1949 1263 1973 versus
1290 1934 1317 1972 5
1345 1941 1385 1973 et
1409 1935 1438 1973 6
1468 1934 1596 1974 multo
1623 1934 1776 1986 majore
1812 1935 1990 1987 interpo-

233 1987 398 2029 lationis
427 1985 659 2043 suspicione
686 1985 835 2042 prcmi,
869 2000 945 2026 nce
971 1986 1141 2025 multum
1168 1986 1310 2025 abesse
1337 1985 1437 2041 quin
1465 1986 1570 2026 hanc
1596 1986 1813 2040 genuinam
1846 1991 1990 2039 poetae

234 2057 396 2082 manum
424 2056 513 2082 esse
541 2048 760 2082 statuamus
776 2058 786 2078 ε
1943 2068 1945 2070 .

517 2100 557 2134 et
588 2093 733 2134 Curios
750 2093 842 2148 jam
870 2093 1059 2132 ‹liinidios
1088 2093 1358 2150 humerosque
1379 2093 1584 2131 minorem

522 2147 770 2197 Corvinum,
804 2146 974 2200 posthac
999 2145 1131 2186 multa
1159 2147 1395 2201 contingere
1421 2146 1542 2201 virga

503 2201 697 2254 fumosos
723 2202 907 2258 equitum
938 2212 1030 2242 cum
1057 2199 1255 2239 dictatore
1283 2201 1524 2253 magistron

232 2254 494 2293 Numitorem
514 2260 645 2293 autem
670 2253 776 2293 eerte
799 2251 950 2293 scimus
968 2251 1080 2292 illius
1103 2251 1244 2292 aetatis
1265 2250 1431 2292 divite'm
1459 2250 1604 2302 fuisse,
1625 2258 1751 2304 quum
1772 2249 1823 2290 de
1843 2249 1991 2290 Tutore

233 2306 358 2345 altum
392 2305 599 2345 silentium
635 2305 714 2357 sit,
760 2319 853 2344 nam
887 2304 997 2359 quod
1032 2304 1281 2344 Schmidtins
1317 2304 1522 2344 hominem
1547 2304 1774 2345 Treverum
1806 2318 1857 2342 cx
1889 2303 1989 2342 Tac.

234 2359 392 2398 Hister.
422 2358 497 2398 IV.
530 2359 583 2398 55
602 2358 789 2401 ,Ciliciae
816 2358 980 2412 praefici
1006 2357 1190 2412 potuisse
1217 2364 1377 2408 eenset,
1413 2356 1547 2398 videat
1572 2370 1625 2396 ne
1651 2367 1726 2410 pro
1753 2355 1890 2395 nobili·
1908 2353 1991 2395 Ro-

232 2418 351 2451 mano
379 2412 638 2467 peregrinum
665 2412 830 2464 offerat,
857 2425 933 2451 nec
957 2412 1256 2465 Damasippum
1278 2424 1353 2465 pro
1376 2410 1586 2450 Laterano
1614 2408 1826 2463 opinamur
1852 2406 1991 2447 defen—

233 2465 314 2515 det,
345 2466 416 2519 qiii
443 2465 727 2519 recogitaverit
753 2465 918 2504 omnino
947 2473 1039 2504 eum
1059 2463 1270 2505 Juvenalis
1298 2478 1449 2504 morem
1477 2472 1560 2503 non
1588 2476 1694 2512 esse,
1722 2468 1767 2501 ut
1784 2460 1990 2501 Romanos

321 2602 376 2641 ¹3)
401 2605 439 2634 Α.
459 2606 550 2646 ροέῑ.
569 2602 655 2641 296;
688 2604 736 2635 cf.
755 2603 843 2634 Plat.
859 2602 1001 2634 Pbaedr.
1027 2613 1063 2644 p.
1075 2602 1140 2633 245
1164 2603 1329 2645 pluraque
1353 2603 1443 2645 apud
1462 2602 1576 2633 Davis·
1594 2601 1638 2631 ad
1657 2601 1728 2630 Cic.
1746 2598 1887 2630 Tune-il.
1902 2599 1930 2630 Ι.
1944 2598 1987 2629 26

231 2651 265 2678 et
288 2647 404 2678 Divin.
432 2647 459 2678 1.
479 2647 540 2685 37,
578 2647 811 2689 Morgenstern
841 2647 883 2677 de
916 2646 1003 2677 Plat.
1028 2645 1162 2689 republ.
1195 2657 1230 2688 p.
1248 2646 1336 2683 297,
1379 2657 1443 2677 van
1467 2645 1605 2677 fleusde
1643 2644 1719 2675 init.
1744 2642 1870 2685 pbilos-
1897 2644 1986 2674 Plat-

230 2691 261 2727 1,
285 2691 412 2733 p.124‚
442 2691 549 2723 ulrici
575 2691 697 2724 Gescb.
710 2693 743 2722 d.
758 2690 1114 2728 hellen-Dicbtkunst‚
1141 2690 1181 2722 T.
1195 2691 1224 2727 Ι,
1247 2690 1338 2733 1».ss
1349 2695 1415 2722 etc.
1433 2707 1475 2713 —
1496 2719 1499 2723 ,
1524 2689 1578 2729 14)
1601 2688 1655 2719 cf.
1675 2687 1756 2719 Tae.
1773 2688 1859 2719 Αιιι.
1878 2687 1939 2719 xl.
1955 2688 1988 2724 5,

230 2735 369 2767 Sueton.
398 2736 477 2768 Ner.
504 2735 559 2773 17,
593 2736 682 2768 Plin.
708 2736 817 2778 Epist.
842 2735 884 2767 V.
909 2734 963 2765 21.

1603 2785 1631 2824 2
